<?xml version="1.0" encoding="UTF-8"?>
<!DOCTYPE html PUBLIC "-//W3C//DTD XHTML 1.0 Transitional//EN"
    "http://www.w3.org/TR/xhtml1/DTD/xhtml1-transitional.dtd">
<html xmlns="http://www.w3.org/1999/xhtml" xml:lang="en" lang="en">
 <head>
  <title>
</title>
<meta http-equiv="Content-Type" content="text/html;charset=utf-8" />
  <meta name='ocr-system' content='tesseract 3.04.00' />
  <meta name='ocr-capabilities' content='ocr_page ocr_carea ocr_par ocr_line ocrx_word'/>
</head>
<body>
  <div class='ocr_page' id='page_1' title='image "./patrologiasyria02grafgoog_0541.png"; bbox 0 0 4132 6466; ppageno 0'>
   <div class='ocr_carea' id='block_1_1' title="bbox 767 502 1807 569">
    <p class='ocr_par' dir='ltr' id='par_1_1' title="bbox 767 502 1807 569">
     <span class='ocr_line' id='line_1_1' title="bbox 767 502 1807 569; baseline 0.001 -3"><span class='ocrx_word' id='word_1_1' title='bbox 767 502 1024 569; x_wconf 79' lang='lat' dir='ltr'><strong>PRAEFATIO.</strong></span> <span class='ocrx_word' id='word_1_2' title='bbox 1592 550 1600 561; x_wconf 86' lang='lat'><strong>.</strong></span> <span class='ocrx_word' id='word_1_3' title='bbox 1625 508 1702 567; x_wconf 81' lang='lat'><strong>1064</strong></span> <span class='ocrx_word' id='word_1_4' title='bbox 1805 554 1807 558; x_wconf 85' lang='lat'>.</span> 
     </span>
    </p>
   </div>
   <div class='ocr_carea' id='block_1_2' title="bbox 7 652 1701 1430">
    <p class='ocr_par' dir='ltr' id='par_1_2' title="bbox 7 652 1700 897">
     <span class='ocr_line' id='line_1_2' title="bbox 7 652 1700 764; baseline -0.001 -24"><span class='ocrx_word' id='word_1_5' title='bbox 7 652 8 707; x_wconf 56' lang='lat' dir='ltr'><strong>l</strong></span> <span class='ocrx_word' id='word_1_6' title='bbox 91 680 223 751; x_wconf 83' lang='lat' dir='ltr'><strong>tamen</strong></span> <span class='ocrx_word' id='word_1_7' title='bbox 240 665 315 738; x_wconf 90' lang='lat' dir='ltr'><strong>iam</strong></span> <span class='ocrx_word' id='word_1_8' title='bbox 332 665 495 764; x_wconf 85' lang='lat' dir='ltr'><strong>vestlgia</strong></span> <span class='ocrx_word' id='word_1_9' title='bbox 514 664 704 739; x_wconf 87' lang='lat' dir='ltr'><strong>doctrinae</strong></span> <span class='ocrx_word' id='word_1_10' title='bbox 732 665 969 739; x_wconf 85' lang='lat' dir='ltr'><strong>Talmudicae</strong></span> <span class='ocrx_word' id='word_1_11' title='bbox 995 690 1141 764; x_wconf 91' lang='lat' dir='ltr'><strong>quoque</strong></span> <span class='ocrx_word' id='word_1_12' title='bbox 1164 666 1402 740; x_wconf 87' lang='lat' dir='ltr'><strong>inveniuntur</strong></span> <span class='ocrx_word' id='word_1_13' title='bbox 1424 668 1600 740; x_wconf 90' lang='lat' dir='ltr'><strong>mundum</strong></span> <span class='ocrx_word' id='word_1_14' title='bbox 1621 666 1700 740; x_wconf 89' lang='lat' dir='ltr'><strong>ius-</strong></span> 
     </span>
     <span class='ocr_line' id='line_1_3' title="bbox 93 797 1100 897; baseline -0.001 -27"><span class='ocrx_word' id='word_1_15' title='bbox 93 813 218 872; x_wconf 87' lang='lat' dir='ltr'><strong>torum</strong></span> <span class='ocrx_word' id='word_1_16' title='bbox 241 799 361 897; x_wconf 90' lang='lat' dir='ltr'><strong>gratia</strong></span> <span class='ocrx_word' id='word_1_17' title='bbox 383 811 547 872; x_wconf 89' lang='lat' dir='ltr'><strong>creatum</strong></span> <span class='ocrx_word' id='word_1_18' title='bbox 569 802 670 872; x_wconf 82' lang='lat' dir='ltr'><strong>esse¹</strong></span> <span class='ocrx_word' id='word_1_19' title='bbox 694 797 763 890; x_wconf 84' lang='lat' dir='ltr'><strong>(Cl.</strong></span> <span class='ocrx_word' id='word_1_20' title='bbox 790 825 849 886; x_wconf 89' lang='lat' dir='ltr'><strong>xv,</strong></span> <span class='ocrx_word' id='word_1_21' title='bbox 873 800 912 884; x_wconf 75' lang='lat'><strong>73</strong></span> <span class='ocrx_word' id='word_1_22' title='bbox 933 825 1006 885; x_wconf 86' lang='lat' dir='ltr'><strong>xxr,</strong></span> <span class='ocrx_word' id='word_1_23' title='bbox 1026 799 1100 895; x_wconf 72' lang='lat'>24).</span> 
     </span>
    </p>

    <p class='ocr_par' dir='ltr' id='par_1_3' title="bbox 94 931 1700 1272">
     <span class='ocr_line' id='line_1_4' title="bbox 168 931 1700 1032; baseline -0.001 -26"><span class='ocrx_word' id='word_1_24' title='bbox 168 932 342 1030; x_wconf 88' lang='lat' dir='ltr'><strong>Vestigia</strong></span> <span class='ocrx_word' id='word_1_25' title='bbox 373 956 519 1030; x_wconf 91' lang='lat' dir='ltr'><strong>quoque</strong></span> <span class='ocrx_word' id='word_1_26' title='bbox 548 931 738 1005; x_wconf 88' lang='lat' dir='ltr'><strong>doctrinae</strong></span> <span class='ocrx_word' id='word_1_27' title='bbox 770 932 935 1004; x_wconf 80' lang='lat' dir='ltr'>Platonis</span> <span class='ocrx_word' id='word_1_28' title='bbox 967 932 1066 1004; x_wconf 90' lang='lat' dir='ltr'><strong>circa</strong></span> <span class='ocrx_word' id='word_1_29' title='bbox 1092 931 1269 1005; x_wconf 90' lang='lat' dir='ltr'><strong>mundum</strong></span> <span class='ocrx_word' id='word_1_30' title='bbox 1299 931 1482 1005; x_wconf 89' lang='lat' dir='ltr'><strong>visibilem</strong></span> <span class='ocrx_word' id='word_1_31' title='bbox 1512 945 1700 1032; x_wconf 78' lang='lat' dir='ltr'><strong>tamquam</strong></span> 
     </span>
     <span class='ocr_line' id='line_1_5' title="bbox 94 1063 1693 1164; baseline 0.001 -27"><span class='ocrx_word' id='word_1_32' title='bbox 94 1064 223 1138; x_wconf 91' lang='lat' dir='ltr'><strong>muudi</strong></span> <span class='ocrx_word' id='word_1_33' title='bbox 246 1063 444 1137; x_wconf 85' lang='lat' dir='ltr'><strong>invisibilis</strong></span> <span class='ocrx_word' id='word_1_34' title='bbox 472 1063 673 1164; x_wconf 80' lang='lat' dir='ltr'><strong>imaginem</strong></span> <span class='ocrx_word' id='word_1_35' title='bbox 700 1064 862 1163; x_wconf 87' lang='lat' dir='ltr'><strong>reperies</strong></span> <span class='ocrx_word' id='word_1_36' title='bbox 890 1092 940 1151; x_wconf 84' lang='grc' dir='ltr'><strong>ιν,</strong></span> <span class='ocrx_word' id='word_1_37' title='bbox 967 1065 1052 1150; x_wconf 77' lang='lat'><strong>2-43</strong></span> <span class='ocrx_word' id='word_1_38' title='bbox 1079 1064 1110 1137; x_wconf 88' lang='lat' dir='ltr'><strong>si</strong></span> <span class='ocrx_word' id='word_1_39' title='bbox 1139 1077 1261 1138; x_wconf 90' lang='lat' dir='ltr'><strong>tamen</strong></span> <span class='ocrx_word' id='word_1_40' title='bbox 1283 1065 1387 1138; x_wconf 88' lang='lat' dir='ltr'><strong>locus</strong></span> <span class='ocrx_word' id='word_1_41' title='bbox 1416 1066 1600 1163; x_wconf 91' lang='lat' dir='ltr'><strong>genuinus</strong></span> <span class='ocrx_word' id='word_1_42' title='bbox 1627 1066 1693 1152; x_wconf 82' lang='lat' dir='ltr'><strong>sit3</strong></span> 
     </span>
     <span class='ocr_line' id='line_1_6' title="bbox 95 1188 1270 1272; baseline -0.003 0"><span class='ocrx_word' id='word_1_43' title='bbox 95 1198 253 1272; x_wconf 87' lang='lat' dir='ltr'><strong>Charles</strong></span> <span class='ocrx_word' id='word_1_44' title='bbox 272 1198 370 1270; x_wconf 89' lang='lat' dir='ltr'><strong>enim</strong></span> <span class='ocrx_word' id='word_1_45' title='bbox 389 1198 617 1271; x_wconf 75' lang='lat' dir='ltr'><strong>authentiam</strong></span> <span class='ocrx_word' id='word_1_46' title='bbox 636 1196 709 1269; x_wconf 92' lang='lat' dir='ltr'><strong>loci</strong></span> <span class='ocrx_word' id='word_1_47' title='bbox 728 1197 839 1271; x_wconf 90' lang='lat' dir='ltr'><strong>huius</strong></span> <span class='ocrx_word' id='word_1_48' title='bbox 859 1198 897 1269; x_wconf 93' lang='lat' dir='ltr'><strong>in</strong></span> <span class='ocrx_word' id='word_1_49' title='bbox 917 1197 1070 1271; x_wconf 90' lang='lat' dir='ltr'><strong>dubium</strong></span> <span class='ocrx_word' id='word_1_50' title='bbox 1089 1188 1270 1271; x_wconf 58' lang='lat' dir='ltr'><strong>vocavitl.</strong></span> 
     </span>
    </p>

    <p class='ocr_par' dir='ltr' id='par_1_4' title="bbox 170 1330 1701 1430">
     <span class='ocr_line' id='line_1_7' title="bbox 170 1330 1701 1430; baseline -0.001 -26"><span class='ocrx_word' id='word_1_51' title='bbox 170 1331 332 1404; x_wconf 88' lang='lat' dir='ltr'><strong>Mundus</strong></span> <span class='ocrx_word' id='word_1_52' title='bbox 355 1331 428 1417; x_wconf 91' lang='lat' dir='ltr'><strong>hic,</strong></span> <span class='ocrx_word' id='word_1_53' title='bbox 454 1336 528 1402; x_wconf 73' lang='grc' dir='ltr'>αἰὼν</span> <span class='ocrx_word' id='word_1_54' title='bbox 550 1334 648 1421; x_wconf 80' lang='grc' dir='ltr'><strong>οὗτος,</strong></span> <span class='ocrx_word' id='word_1_55' title='bbox 667 1330 785 1402; x_wconf 87' lang='lat' dir='ltr'><strong>malus</strong></span> <span class='ocrx_word' id='word_1_56' title='bbox 812 1342 885 1416; x_wconf 84' lang='lat' dir='ltr'><strong>est3</strong></span> <span class='ocrx_word' id='word_1_57' title='bbox 918 1330 1096 1429; x_wconf 86' lang='lat' dir='ltr'><strong>quidquid</strong></span> <span class='ocrx_word' id='word_1_58' title='bbox 1121 1331 1219 1404; x_wconf 89' lang='lat' dir='ltr'><strong>enim</strong></span> <span class='ocrx_word' id='word_1_59' title='bbox 1239 1331 1428 1429; x_wconf 80' lang='lat' dir='ltr'><strong>praeterit,</strong></span> <span class='ocrx_word' id='word_1_60' title='bbox 1455 1331 1701 1430; x_wconf 83' lang='lat' dir='ltr'><strong>corrumpitur</strong></span> 
     </span>
    </p>
   </div>
   <div class='ocr_carea' id='block_1_3' title="bbox 94 1443 1702 1563">
    <p class='ocr_par' dir='ltr' id='par_1_5' title="bbox 94 1443 1702 1563">
     <span class='ocr_line' id='line_1_8' title="bbox 94 1443 1702 1563; baseline -0.001 -28"><span class='ocrx_word' id='word_1_61' title='bbox 94 1467 208 1557; x_wconf 78' lang='lat' dir='ltr'><strong>(xurv,</strong></span> <span class='ocrx_word' id='word_1_62' title='bbox 234 1464 284 1555; x_wconf 86' lang='grc'><strong>9).</strong></span> <span class='ocrx_word' id='word_1_63' title='bbox 310 1463 448 1537; x_wconf 91' lang='lat' dir='ltr'><strong>Mundo</strong></span> <span class='ocrx_word' id='word_1_64' title='bbox 475 1443 561 1535; x_wconf 89' lang='lat' dir='ltr'><strong>huic</strong></span> <span class='ocrx_word' id='word_1_65' title='bbox 590 1463 789 1561; x_wconf 90' lang='lat' dir='ltr'><strong>opponitur</strong></span> <span class='ocrx_word' id='word_1_66' title='bbox 806 1463 965 1536; x_wconf 89' lang='lat' dir='ltr'><strong>mundus</strong></span> <span class='ocrx_word' id='word_1_67' title='bbox 985 1462 1143 1549; x_wconf 81' lang='lat' dir='ltr'><strong>iuturus,</strong></span> <span class='ocrx_word' id='word_1_68' title='bbox 1166 1468 1242 1535; x_wconf 80' lang='grc' dir='ltr'>αἰὼν</span> <span class='ocrx_word' id='word_1_69' title='bbox 1264 1474 1396 1561; x_wconf 73' lang='grc' dir='ltr'><strong>μέλλων,</strong></span> <span class='ocrx_word' id='word_1_70' title='bbox 1420 1463 1483 1561; x_wconf 91' lang='lat' dir='ltr'><strong>qui</strong></span> <span class='ocrx_word' id='word_1_71' title='bbox 1506 1476 1634 1563; x_wconf 88' lang='lat' dir='ltr'><strong>utpote</strong></span> <span class='ocrx_word' id='word_1_72' title='bbox 1662 1464 1702 1534; x_wconf 95' lang='lat' dir='ltr'><strong>in</strong></span> 
     </span>
    </p>
   </div>
   <div class='ocr_carea' id='block_1_4' title="bbox 7 1595 1707 5155">
    <p class='ocr_par' dir='ltr' id='par_1_6' title="bbox 94 1595 1702 1958">
     <span class='ocr_line' id='line_1_9' title="bbox 95 1595 1701 1696; baseline -0.001 -26"><span class='ocrx_word' id='word_1_73' title='bbox 95 1609 290 1671; x_wconf 91' lang='lat' dir='ltr'><strong>aeternum</strong></span> <span class='ocrx_word' id='word_1_74' title='bbox 313 1620 480 1685; x_wconf 87' lang='lat' dir='ltr'><strong>manens,</strong></span> <span class='ocrx_word' id='word_1_75' title='bbox 499 1595 788 1694; x_wconf 88' lang='lat' dir='ltr'><strong>incorruptibilis</strong></span> <span class='ocrx_word' id='word_1_76' title='bbox 808 1599 994 1688; x_wconf 82' lang='lat' dir='ltr'><strong>est(xu1v,</strong></span> <span class='ocrx_word' id='word_1_77' title='bbox 1016 1596 1086 1691; x_wconf 75' lang='lat'><strong>12).</strong></span> <span class='ocrx_word' id='word_1_78' title='bbox 1106 1597 1300 1670; x_wconf 84' lang='lat' dir='ltr'><strong>Saeculum</strong></span> <span class='ocrx_word' id='word_1_79' title='bbox 1317 1621 1494 1696; x_wconf 88' lang='lat' dir='ltr'><strong>praesens</strong></span> <span class='ocrx_word' id='word_1_80' title='bbox 1509 1609 1567 1670; x_wconf 89' lang='lat' dir='ltr'><strong>est</strong></span> <span class='ocrx_word' id='word_1_81' title='bbox 1588 1597 1701 1696; x_wconf 90' lang='lat' dir='ltr'><strong>plaga</strong></span> 
     </span>
     <span class='ocr_line' id='line_1_10' title="bbox 94 1727 1702 1828; baseline -0.001 -25"><span class='ocrx_word' id='word_1_82' title='bbox 94 1744 133 1804; x_wconf 88' lang='lat' dir='ltr'><strong>et</strong></span> <span class='ocrx_word' id='word_1_83' title='bbox 155 1729 273 1815; x_wconf 90' lang='lat' dir='ltr'><strong>labor,</strong></span> <span class='ocrx_word' id='word_1_84' title='bbox 296 1730 484 1803; x_wconf 91' lang='lat' dir='ltr'><strong>saeculum</strong></span> <span class='ocrx_word' id='word_1_85' title='bbox 503 1729 666 1802; x_wconf 83' lang='lat' dir='ltr'><strong>laturum</strong></span> <span class='ocrx_word' id='word_1_86' title='bbox 689 1754 826 1802; x_wconf 87' lang='lat' dir='ltr'><strong>corona</strong></span> <span class='ocrx_word' id='word_1_87' title='bbox 844 1727 998 1827; x_wconf 83' lang='lat' dir='ltr'><strong>gloriae,</strong></span> <span class='ocrx_word' id='word_1_88' title='bbox 1018 1729 1117 1827; x_wconf 89' lang='lat' dir='ltr'><strong>quod</strong></span> <span class='ocrx_word' id='word_1_89' title='bbox 1136 1754 1211 1802; x_wconf 90' lang='lat' dir='ltr'><strong>non</strong></span> <span class='ocrx_word' id='word_1_90' title='bbox 1227 1742 1371 1803; x_wconf 87' lang='lat' dir='ltr'><strong>veterat</strong></span> <span class='ocrx_word' id='word_1_91' title='bbox 1389 1754 1467 1813; x_wconf 83' lang='lat' dir='ltr'><strong>ecs,</strong></span> <span class='ocrx_word' id='word_1_92' title='bbox 1492 1730 1553 1828; x_wconf 91' lang='lat' dir='ltr'><strong>qui</strong></span> <span class='ocrx_word' id='word_1_93' title='bbox 1575 1754 1702 1827; x_wconf 85' lang='lat' dir='ltr'><strong>perve-</strong></span> 
     </span>
     <span class='ocr_line' id='line_1_11' title="bbox 95 1862 732 1958; baseline -0.005 -22"><span class='ocrx_word' id='word_1_94' title='bbox 95 1865 207 1937; x_wconf 89' lang='lat' dir='ltr'><strong>niunt</strong></span> <span class='ocrx_word' id='word_1_95' title='bbox 221 1863 268 1936; x_wconf 92' lang='lat' dir='ltr'><strong>ad</strong></span> <span class='ocrx_word' id='word_1_96' title='bbox 283 1863 375 1936; x_wconf 92' lang='lat' dir='ltr'><strong>illud</strong></span> <span class='ocrx_word' id='word_1_97' title='bbox 395 1867 466 1956; x_wconf 81' lang='lat' dir='ltr'><strong>(xv,</strong></span> <span class='ocrx_word' id='word_1_98' title='bbox 482 1866 522 1949; x_wconf 77' lang='lat'><strong>83</strong></span> <span class='ocrx_word' id='word_1_99' title='bbox 541 1889 637 1949; x_wconf 80' lang='lat' dir='ltr'><strong>xurv,</strong></span> <span class='ocrx_word' id='word_1_100' title='bbox 659 1862 732 1958; x_wconf 62' lang='lat' dir='ltr'><strong>lb).</strong></span> 
     </span>
    </p>

    <p class='ocr_par' dir='ltr' id='par_1_7' title="bbox 7 1994 1705 3801">
     <span class='ocr_line' id='line_1_12' title="bbox 173 1994 1702 2094; baseline 0.001 -27"><span class='ocrx_word' id='word_1_101' title='bbox 173 1996 282 2070; x_wconf 87' lang='lat' dir='ltr'><strong>Ratio</strong></span> <span class='ocrx_word' id='word_1_102' title='bbox 308 1995 478 2069; x_wconf 85' lang='lat' dir='ltr'><strong>miseriae</strong></span> <span class='ocrx_word' id='word_1_103' title='bbox 502 1994 640 2069; x_wconf 87' lang='lat' dir='ltr'><strong>saeculi</strong></span> <span class='ocrx_word' id='word_1_104' title='bbox 665 1994 775 2068; x_wconf 90' lang='lat' dir='ltr'><strong>huius</strong></span> <span class='ocrx_word' id='word_1_105' title='bbox 799 2007 856 2068; x_wconf 90' lang='lat' dir='ltr'><strong>est</strong></span> <span class='ocrx_word' id='word_1_106' title='bbox 883 1995 1149 2094; x_wconf 85' lang='lat' dir='ltr'><strong>praevaricatio</strong></span> <span class='ocrx_word' id='word_1_107' title='bbox 1173 1996 1290 2081; x_wconf 87' lang='lat' dir='ltr'><strong>Adae,</strong></span> <span class='ocrx_word' id='word_1_108' title='bbox 1314 1995 1375 2094; x_wconf 91' lang='lat' dir='ltr'><strong>qui</strong></span> <span class='ocrx_word' id='word_1_109' title='bbox 1400 1994 1559 2070; x_wconf 84' lang='lat' dir='ltr'><strong>abscidit</strong></span> <span class='ocrx_word' id='word_1_110' title='bbox 1585 2020 1702 2069; x_wconf 89' lang='lat' dir='ltr'><strong>annos</strong></span> 
     </span>
     <span class='ocr_line' id='line_1_13' title="bbox 96 2127 1703 2229; baseline -0.003 -24"><span class='ocrx_word' id='word_1_111' title='bbox 96 2154 240 2217; x_wconf 90' lang='lat' dir='ltr'><strong>eorum,</strong></span> <span class='ocrx_word' id='word_1_112' title='bbox 259 2128 321 2228; x_wconf 90' lang='lat' dir='ltr'><strong>qui</strong></span> <span class='ocrx_word' id='word_1_113' title='bbox 337 2127 383 2202; x_wconf 93' lang='lat' dir='ltr'><strong>ab</strong></span> <span class='ocrx_word' id='word_1_114' title='bbox 406 2128 488 2228; x_wconf 90' lang='lat' dir='ltr'><strong>ipsc</strong></span> <span class='ocrx_word' id='word_1_115' title='bbox 503 2128 622 2226; x_wconf 90' lang='lat' dir='ltr'><strong>geniti</strong></span> <span class='ocrx_word' id='word_1_116' title='bbox 640 2140 727 2201; x_wconf 92' lang='lat' dir='ltr'><strong>sunt</strong></span> <span class='ocrx_word' id='word_1_117' title='bbox 749 2131 851 2225; x_wconf 78' lang='lat' dir='ltr'><strong>(nvn,</strong></span> <span class='ocrx_word' id='word_1_118' title='bbox 870 2129 921 2225; x_wconf 82' lang='lat'><strong>3).</strong></span> <span class='ocrx_word' id='word_1_119' title='bbox 941 2131 1030 2201; x_wconf 91' lang='lat' dir='ltr'><strong>Post</strong></span> <span class='ocrx_word' id='word_1_120' title='bbox 1048 2141 1241 2229; x_wconf 89' lang='lat' dir='ltr'><strong>peccatum</strong></span> <span class='ocrx_word' id='word_1_121' title='bbox 1264 2129 1344 2202; x_wconf 88' lang='lat' dir='ltr'><strong>eius</strong></span> <span class='ocrx_word' id='word_1_122' title='bbox 1360 2153 1459 2202; x_wconf 92' lang='lat' dir='ltr'><strong>mors</strong></span> <span class='ocrx_word' id='word_1_123' title='bbox 1471 2129 1625 2221; x_wconf 88' lang='lat' dir='ltr'><strong>decreta</strong></span> <span class='ocrx_word' id='word_1_124' title='bbox 1646 2142 1703 2201; x_wconf 89' lang='lat' dir='ltr'><strong>cst</strong></span> 
     </span>
     <span class='ocr_line' id='line_1_14' title="bbox 96 2260 1703 2361; baseline -0.001 -26"><span class='ocrx_word' id='word_1_125' title='bbox 96 2264 136 2335; x_wconf 94' lang='lat' dir='ltr'><strong>in</strong></span> <span class='ocrx_word' id='word_1_126' title='bbox 157 2287 236 2348; x_wconf 91' lang='lat' dir='ltr'><strong>eos,</strong></span> <span class='ocrx_word' id='word_1_127' title='bbox 254 2262 316 2361; x_wconf 92' lang='lat' dir='ltr'><strong>qui</strong></span> <span class='ocrx_word' id='word_1_128' title='bbox 332 2262 577 2360; x_wconf 85' lang='lat' dir='ltr'><strong>gignerentur</strong></span> <span class='ocrx_word' id='word_1_129' title='bbox 597 2266 711 2354; x_wconf 85' lang='lat' dir='ltr'><strong>(xxnr,</strong></span> <span class='ocrx_word' id='word_1_130' title='bbox 734 2263 786 2356; x_wconf 82' lang='grc'><strong>4).</strong></span> <span class='ocrx_word' id='word_1_131' title='bbox 806 2264 961 2359; x_wconf 91' lang='lat' dir='ltr'><strong>Propter</strong></span> <span class='ocrx_word' id='word_1_132' title='bbox 980 2261 1100 2334; x_wconf 90' lang='lat' dir='ltr'><strong>Adam</strong></span> <span class='ocrx_word' id='word_1_133' title='bbox 1119 2261 1221 2334; x_wconf 92' lang='lat' dir='ltr'><strong>vadit</strong></span> <span class='ocrx_word' id='word_1_134' title='bbox 1240 2261 1439 2334; x_wconf 90' lang='lat' dir='ltr'><strong>multitudo</strong></span> <span class='ocrx_word' id='word_1_135' title='bbox 1452 2261 1642 2334; x_wconf 90' lang='lat' dir='ltr'><strong>hominum</strong></span> <span class='ocrx_word' id='word_1_136' title='bbox 1657 2260 1703 2333; x_wconf 90' lang='lat' dir='ltr'><strong>ad</strong></span> 
     </span>
     <span class='ocr_line' id='line_1_15' title="bbox 7 2393 1704 2493; baseline -0.002 -24"><span class='ocrx_word' id='word_1_137' title='bbox 7 2432 8 2485; x_wconf 75' lang='lat'><em>3</em></span> <span class='ocrx_word' id='word_1_138' title='bbox 97 2394 373 2493; x_wconf 87' lang='lat' dir='ltr'><strong>corruptionem</strong></span> <span class='ocrx_word' id='word_1_139' title='bbox 393 2397 532 2487; x_wconf 80' lang='lat' dir='ltr'><strong>(xuvur,</strong></span> <span class='ocrx_word' id='word_1_140' title='bbox 554 2395 697 2489; x_wconf 79' lang='lat'><strong>42-44.)</strong></span> <span class='ocrx_word' id='word_1_141' title='bbox 713 2393 832 2467; x_wconf 92' lang='lat' dir='ltr'><strong>Adam</strong></span> <span class='ocrx_word' id='word_1_142' title='bbox 854 2393 1002 2493; x_wconf 89' lang='lat' dir='ltr'><strong>quidem</strong></span> <span class='ocrx_word' id='word_1_143' title='bbox 1024 2394 1168 2468; x_wconf 88' lang='lat' dir='ltr'><strong>induxit</strong></span> <span class='ocrx_word' id='word_1_144' title='bbox 1194 2406 1351 2470; x_wconf 89' lang='lat' dir='ltr'><strong>mortem</strong></span> <span class='ocrx_word' id='word_1_145' title='bbox 1378 2394 1511 2481; x_wconf 90' lang='lat' dir='ltr'><strong>ineos,</strong></span> <span class='ocrx_word' id='word_1_146' title='bbox 1529 2394 1591 2492; x_wconf 92' lang='lat' dir='ltr'><strong>qui</strong></span> <span class='ocrx_word' id='word_1_147' title='bbox 1614 2418 1704 2466; x_wconf 91' lang='lat' dir='ltr'><strong>uon·</strong></span> 
     </span>
     <span class='ocr_line' id='line_1_16' title="bbox 96 2522 1703 2627; baseline -0.002 -25"><span class='ocrx_word' id='word_1_148' title='bbox 96 2529 187 2603; x_wconf 87' lang='lat' dir='ltr'><strong>dum</strong></span> <span class='ocrx_word' id='word_1_149' title='bbox 211 2528 288 2600; x_wconf 90' lang='lat' dir='ltr'><strong>nati</strong></span> <span class='ocrx_word' id='word_1_150' title='bbox 312 2541 413 2614; x_wconf 90' lang='lat' dir='ltr'><strong>sunt,</strong></span> <span class='ocrx_word' id='word_1_151' title='bbox 444 2528 509 2601; x_wconf 91' lang='lat' dir='ltr'><strong>sed</strong></span> <span class='ocrx_word' id='word_1_152' title='bbox 538 2522 792 2626; x_wconf 88' lang='lat' dir='ltr'><strong>unusquisque</strong></span> <span class='ocrx_word' id='word_1_153' title='bbox 820 2552 887 2600; x_wconf 86' lang='lat' dir='ltr'><strong>sua</strong></span> <span class='ocrx_word' id='word_1_154' title='bbox 914 2527 1063 2627; x_wconf 89' lang='lat' dir='ltr'><strong>propria</strong></span> <span class='ocrx_word' id='word_1_155' title='bbox 1084 2528 1297 2626; x_wconf 90' lang='lat' dir='ltr'><strong>operatione</strong></span> <span class='ocrx_word' id='word_1_156' title='bbox 1322 2526 1392 2601; x_wconf 91' lang='lat' dir='ltr'><strong>sibi</strong></span> <span class='ocrx_word' id='word_1_157' title='bbox 1413 2527 1570 2627; x_wconf 88' lang='lat' dir='ltr'><strong>gloriam</strong></span> <span class='ocrx_word' id='word_1_158' title='bbox 1602 2552 1703 2600; x_wconf 92' lang='lat' dir='ltr'><strong>com-</strong></span> 
     </span>
     <span class='ocr_line' id='line_1_17' title="bbox 7 2660 1701 2761; baseline -0.001 -26"><span class='ocrx_word' id='word_1_159' title='bbox 7 2692 8 2697; x_wconf 47' lang='lat'><em>*</em></span> <span class='ocrx_word' id='word_1_160' title='bbox 98 2672 207 2761; x_wconf 89' lang='lat' dir='ltr'><strong>parat</strong></span> <span class='ocrx_word' id='word_1_161' title='bbox 220 2673 285 2735; x_wconf 90' lang='lat' dir='ltr'><strong>aut</strong></span> <span class='ocrx_word' id='word_1_162' title='bbox 298 2660 571 2734; x_wconf 86' lang='lat' dir='ltr'><strong>damnationem</strong></span> <span class='ocrx_word' id='word_1_163' title='bbox 591 2660 746 2733; x_wconf 91' lang='lat' dir='ltr'><strong>incurrit</strong></span> <span class='ocrx_word' id='word_1_164' title='bbox 761 2666 846 2754; x_wconf 79' lang='lat' dir='ltr'><strong>(mv,</strong></span> <span class='ocrx_word' id='word_1_165' title='bbox 867 2662 937 2755; x_wconf 77' lang='lat'>15).</span> <span class='ocrx_word' id='word_1_166' title='bbox 958 2660 1218 2759; x_wconf 86' lang='lat' dir='ltr'><strong>Unusquisque</strong></span> <span class='ocrx_word' id='word_1_167' title='bbox 1235 2660 1305 2733; x_wconf 90' lang='lat' dir='ltr'><strong>sibi</strong></span> <span class='ocrx_word' id='word_1_168' title='bbox 1325 2660 1365 2733; x_wconf 90' lang='lat' dir='ltr'><strong>lit</strong></span> <span class='ocrx_word' id='word_1_169' title='bbox 1380 2660 1498 2734; x_wconf 90' lang='lat' dir='ltr'><strong>Adam</strong></span> <span class='ocrx_word' id='word_1_170' title='bbox 1519 2663 1605 2753; x_wconf 72' lang='lat' dir='ltr'><strong>(arv,</strong></span> <span class='ocrx_word' id='word_1_171' title='bbox 1623 2661 1701 2757; x_wconf 85' lang='grc'><strong>49).</strong></span> 
     </span>
     <span class='ocr_line' id='line_1_18' title="bbox 7 2793 1705 2893; baseline -0.001 -25"><span class='ocrx_word' id='word_1_172' title='bbox 7 2830 9 2843; x_wconf 66' lang='lat'>&gt;</span> <span class='ocrx_word' id='word_1_173' title='bbox 97 2837 149 2851; x_wconf 92' lang='lat'>—</span> <span class='ocrx_word' id='word_1_174' title='bbox 169 2794 350 2893; x_wconf 88' lang='lat' dir='ltr'><strong>Sequelae</strong></span> <span class='ocrx_word' id='word_1_175' title='bbox 373 2794 474 2867; x_wconf 88' lang='lat' dir='ltr'><strong>Adae</strong></span> <span class='ocrx_word' id='word_1_176' title='bbox 494 2794 637 2893; x_wconf 91' lang='lat' dir='ltr'><strong>peccati</strong></span> <span class='ocrx_word' id='word_1_177' title='bbox 657 2807 770 2868; x_wconf 90' lang='lat' dir='ltr'><strong>sunt:</strong></span> <span class='ocrx_word' id='word_1_178' title='bbox 789 2819 888 2868; x_wconf 90' lang='lat' dir='ltr'><strong>mors</strong></span> <span class='ocrx_word' id='word_1_179' title='bbox 908 2806 1155 2891; x_wconf 91' lang='lat' dir='ltr'><strong>praematura,</strong></span> <span class='ocrx_word' id='word_1_180' title='bbox 1178 2793 1338 2881; x_wconf 88' lang='lat' dir='ltr'><strong>dolores,</strong></span> <span class='ocrx_word' id='word_1_181' title='bbox 1356 2794 1491 2879; x_wconf 90' lang='lat' dir='ltr'><strong>luctus,</strong></span> <span class='ocrx_word' id='word_1_182' title='bbox 1510 2793 1705 2892; x_wconf 91' lang='lat' dir='ltr'><strong>concupis·</strong></span> 
     </span>
     <span class='ocr_line' id='line_1_19' title="bbox 7 2925 1703 3026; baseline -0.002 -24"><span class='ocrx_word' id='word_1_183' title='bbox 7 2978 8 2983; x_wconf 56' lang='lat'><em>=</em></span> <span class='ocrx_word' id='word_1_184' title='bbox 98 2928 222 3002; x_wconf 90' lang='lat' dir='ltr'><strong>centia</strong></span> <span class='ocrx_word' id='word_1_185' title='bbox 239 2926 400 3001; x_wconf 85' lang='lat' dir='ltr'><strong>sexualis</strong></span> <span class='ocrx_word' id='word_1_186' title='bbox 416 2932 501 3019; x_wconf 78' lang='lat' dir='ltr'><strong>(cvr,</strong></span> <span class='ocrx_word' id='word_1_187' title='bbox 519 2926 574 3023; x_wconf 88' lang='grc'><strong>6).</strong></span> <span class='ocrx_word' id='word_1_188' title='bbox 589 2926 708 2999; x_wconf 91' lang='lat' dir='ltr'><strong>Adam</strong></span> <span class='ocrx_word' id='word_1_189' title='bbox 724 2926 835 2999; x_wconf 88' lang='lat' dir='ltr'><strong>ctiam</strong></span> <span class='ocrx_word' id='word_1_190' title='bbox 851 2925 996 3025; x_wconf 90' lang='lat' dir='ltr'><strong>augelis</strong></span> <span class='ocrx_word' id='word_1_191' title='bbox 1016 2926 1135 2999; x_wconf 87' lang='lat' dir='ltr'><strong>lactus</strong></span> <span class='ocrx_word' id='word_1_192' title='bbox 1151 2940 1209 3000; x_wconf 89' lang='lat' dir='ltr'><strong>est</strong></span> <span class='ocrx_word' id='word_1_193' title='bbox 1221 2925 1456 3026; x_wconf 85' lang='lat' dir='ltr'><strong>periclitatio,</strong></span> <span class='ocrx_word' id='word_1_194' title='bbox 1475 2951 1559 2998; x_wconf 91' lang='lat' dir='ltr'><strong>nam</strong></span> <span class='ocrx_word' id='word_1_195' title='bbox 1579 2925 1703 3024; x_wconf 86' lang='lat' dir='ltr'><strong>angeli</strong></span> 
     </span>
     <span class='ocr_line' id='line_1_20' title="bbox 98 3057 1704 3159; baseline -0.002 -26"><span class='ocrx_word' id='word_1_196' title='bbox 98 3061 275 3134; x_wconf 87' lang='lat' dir='ltr'><strong>mulieres</strong></span> <span class='ocrx_word' id='word_1_197' title='bbox 289 3059 554 3159; x_wconf 89' lang='lat' dir='ltr'><strong>concupierunt</strong></span> <span class='ocrx_word' id='word_1_198' title='bbox 564 3062 649 3152; x_wconf 72' lang='grc' dir='ltr'><strong>(ω’,</strong></span> <span class='ocrx_word' id='word_1_199' title='bbox 671 3060 741 3153; x_wconf 82' lang='grc'><strong>13).</strong></span> <span class='ocrx_word' id='word_1_200' title='bbox 760 3058 866 3132; x_wconf 90' lang='lat' dir='ltr'><strong>Multi</strong></span> <span class='ocrx_word' id='word_1_201' title='bbox 882 3071 1118 3158; x_wconf 87' lang='lat' dir='ltr'><strong>sumpserunt</strong></span> <span class='ocrx_word' id='word_1_202' title='bbox 1131 3060 1176 3132; x_wconf 90' lang='lat' dir='ltr'><strong>de</strong></span> <span class='ocrx_word' id='word_1_203' title='bbox 1190 3059 1354 3132; x_wconf 90' lang='lat' dir='ltr'><strong>tenebris</strong></span> <span class='ocrx_word' id='word_1_204' title='bbox 1369 3059 1486 3144; x_wconf 89' lang='lat' dir='ltr'><strong>Adae,</strong></span> <span class='ocrx_word' id='word_1_205' title='bbox 1499 3083 1565 3132; x_wconf 91' lang='lat' dir='ltr'><strong>nec</strong></span> <span class='ocrx_word' id='word_1_206' title='bbox 1581 3057 1704 3131; x_wconf 91' lang='lat' dir='ltr'><strong>delec-</strong></span> 
     </span>
     <span class='ocr_line' id='line_1_21' title="bbox 7 3191 1704 3303; baseline -0.004 -34"><span class='ocrx_word' id='word_1_207' title='bbox 7 3244 8 3303; x_wconf 63' lang='lat'>3</span> <span class='ocrx_word' id='word_1_208' title='bbox 98 3194 167 3269; x_wconf 89' lang='lat' dir='ltr'><strong>tati</strong></span> <span class='ocrx_word' id='word_1_209' title='bbox 185 3205 273 3267; x_wconf 89' lang='lat' dir='ltr'><strong>eunt</strong></span> <span class='ocrx_word' id='word_1_210' title='bbox 286 3194 368 3269; x_wconf 90' lang='lat' dir='ltr'><strong>luce</strong></span> <span class='ocrx_word' id='word_1_211' title='bbox 383 3193 555 3267; x_wconf 87' lang='lat' dir='ltr'><strong>lucernae</strong></span> <span class='ocrx_word' id='word_1_212' title='bbox 569 3192 685 3289; x_wconf 81' lang='lat' dir='ltr'><strong>(xvnr,</strong></span> <span class='ocrx_word' id='word_1_213' title='bbox 704 3194 753 3289; x_wconf 69' lang='lat'><strong>2).</strong></span> <span class='ocrx_word' id='word_1_214' title='bbox 768 3235 818 3247; x_wconf 94' lang='lat'>-</span> <span class='ocrx_word' id='word_1_215' title='bbox 835 3192 929 3265; x_wconf 91' lang='lat' dir='ltr'><strong>Hinc</strong></span> <span class='ocrx_word' id='word_1_216' title='bbox 945 3192 1111 3291; x_wconf 89' lang='lat' dir='ltr'><strong>sequitur</strong></span> <span class='ocrx_word' id='word_1_217' title='bbox 1125 3206 1312 3266; x_wconf 89' lang='lat' dir='ltr'><strong>auctorem</strong></span> <span class='ocrx_word' id='word_1_218' title='bbox 1333 3191 1527 3265; x_wconf 86' lang='lat' dir='ltr'><strong>admisisse</strong></span> <span class='ocrx_word' id='word_1_219' title='bbox 1543 3192 1704 3290; x_wconf 88' lang='lat' dir='ltr'><strong>speciem</strong></span> 
     </span>
     <span class='ocr_line' id='line_1_22' title="bbox 7 3308 1701 3426; baseline -0.004 -25"><span class='ocrx_word' id='word_1_220' title='bbox 7 3308 8 3349; x_wconf 50' lang='lat' dir='ltr'><strong>l</strong></span> <span class='ocrx_word' id='word_1_221' title='bbox 100 3328 262 3426; x_wconf 89' lang='lat' dir='ltr'><strong>aliquam</strong></span> <span class='ocrx_word' id='word_1_222' title='bbox 288 3339 405 3400; x_wconf 83' lang='lat' dir='ltr'><strong>rectus</strong></span> <span class='ocrx_word' id='word_1_223' title='bbox 425 3352 564 3422; x_wconf 84' lang='lat' dir='ltr'><strong>pocacc,</strong></span> <span class='ocrx_word' id='word_1_224' title='bbox 592 3350 701 3424; x_wconf 90' lang='lat' dir='ltr'><strong>quam</strong></span> <span class='ocrx_word' id='word_1_225' title='bbox 727 3326 866 3424; x_wconf 91' lang='lat' dir='ltr'><strong>posteri</strong></span> <span class='ocrx_word' id='word_1_226' title='bbox 894 3326 998 3399; x_wconf 91' lang='lat' dir='ltr'><strong>Adae</strong></span> <span class='ocrx_word' id='word_1_227' title='bbox 1020 3324 1072 3399; x_wconf 89' lang='lat' dir='ltr'><strong>ob</strong></span> <span class='ocrx_word' id='word_1_228' title='bbox 1096 3326 1178 3399; x_wconf 88' lang='lat' dir='ltr'><strong>eius</strong></span> <span class='ocrx_word' id='word_1_229' title='bbox 1202 3337 1394 3424; x_wconf 88' lang='lat' dir='ltr'><strong>peccatum</strong></span> <span class='ocrx_word' id='word_1_230' title='bbox 1418 3323 1701 3409; x_wconf 84' lang='lat' dir='ltr'><strong>contraxissent,</strong></span> 
     </span>
     <span class='ocr_line' id='line_1_23' title="bbox 100 3456 1705 3560; baseline -0.002 -27"><span class='ocrx_word' id='word_1_231' title='bbox 100 3474 264 3535; x_wconf 89' lang='lat' dir='ltr'><strong>attamen</strong></span> <span class='ocrx_word' id='word_1_232' title='bbox 280 3460 384 3533; x_wconf 87' lang='lat' dir='ltr'><strong>Adae</strong></span> <span class='ocrx_word' id='word_1_233' title='bbox 404 3474 710 3560; x_wconf 86' lang='lat' dir='ltr'><strong>posterorumque</strong></span> <span class='ocrx_word' id='word_1_234' title='bbox 730 3459 811 3532; x_wconf 92' lang='lat' dir='ltr'><strong>eius</strong></span> <span class='ocrx_word' id='word_1_235' title='bbox 830 3458 1059 3531; x_wconf 89' lang='lat' dir='ltr'><strong>voluntatem</strong></span> <span class='ocrx_word' id='word_1_236' title='bbox 1080 3469 1163 3556; x_wconf 90' lang='lat' dir='ltr'><strong>post</strong></span> <span class='ocrx_word' id='word_1_237' title='bbox 1183 3458 1303 3556; x_wconf 90' lang='lat' dir='ltr'><strong>ipsum</strong></span> <span class='ocrx_word' id='word_1_238' title='bbox 1319 3470 1511 3558; x_wconf 90' lang='lat' dir='ltr'><strong>peccatum</strong></span> <span class='ocrx_word' id='word_1_239' title='bbox 1530 3456 1705 3530; x_wconf 91' lang='lat' dir='ltr'><strong>intactam</strong></span> 
     </span>
     <span class='ocr_line' id='line_1_24' title="bbox 7 3590 1705 3692; baseline -0.004 -24"><span class='ocrx_word' id='word_1_240' title='bbox 7 3684 8 3687; x_wconf 8' lang='grc' dir='ltr'><strong>Ἴ</strong></span> <span class='ocrx_word' id='word_1_241' title='bbox 101 3619 185 3668; x_wconf 89' lang='lat' dir='ltr'><strong>esse</strong></span> <span class='ocrx_word' id='word_1_242' title='bbox 207 3593 414 3680; x_wconf 84' lang='lat' dir='ltr'><strong>contendit3</strong></span> <span class='ocrx_word' id='word_1_243' title='bbox 439 3593 555 3692; x_wconf 93' lang='lat' dir='ltr'><strong>igitur</strong></span> <span class='ocrx_word' id='word_1_244' title='bbox 573 3593 611 3666; x_wconf 93' lang='lat' dir='ltr'><strong>in</strong></span> <span class='ocrx_word' id='word_1_245' title='bbox 632 3591 840 3666; x_wconf 80' lang='lat' dir='ltr'><strong>definiendo</strong></span> <span class='ocrx_word' id='word_1_246' title='bbox 862 3590 1002 3665; x_wconf 90' lang='lat' dir='ltr'><strong>ambitu</strong></span> <span class='ocrx_word' id='word_1_247' title='bbox 1023 3604 1146 3664; x_wconf 89' lang='lat' dir='ltr'><strong>reatus</strong></span> <span class='ocrx_word' id='word_1_248' title='bbox 1171 3590 1324 3664; x_wconf 88' lang='lat' dir='ltr'><strong>huiusce</strong></span> <span class='ocrx_word' id='word_1_249' title='bbox 1344 3615 1485 3690; x_wconf 90' lang='lat' dir='ltr'><strong>poenae</strong></span> <span class='ocrx_word' id='word_1_250' title='bbox 1508 3615 1590 3662; x_wconf 90' lang='lat' dir='ltr'><strong>cum</strong></span> <span class='ocrx_word' id='word_1_251' title='bbox 1609 3590 1705 3688; x_wconf 91' lang='lat' dir='ltr'><strong>dog-</strong></span> 
     </span>
     <span class='ocr_line' id='line_1_25' title="bbox 104 3725 870 3801; baseline -0.004 -1"><span class='ocrx_word' id='word_1_252' title='bbox 104 3739 200 3800; x_wconf 87' lang='lat' dir='ltr'><strong>mate</strong></span> <span class='ocrx_word' id='word_1_253' title='bbox 223 3726 406 3801; x_wconf 90' lang='lat' dir='ltr'><strong>catholico</strong></span> <span class='ocrx_word' id='word_1_254' title='bbox 425 3750 500 3799; x_wconf 89' lang='lat' dir='ltr'><strong>non</strong></span> <span class='ocrx_word' id='word_1_255' title='bbox 521 3725 670 3800; x_wconf 90' lang='lat' dir='ltr'><strong>omnino</strong></span> <span class='ocrx_word' id='word_1_256' title='bbox 686 3725 870 3801; x_wconf 91' lang='lat' dir='ltr'><strong>convenit.</strong></span> 
     </span>
    </p>

    <p class='ocr_par' dir='ltr' id='par_1_8' title="bbox 101 3858 1706 4625">
     <span class='ocr_line' id='line_1_26' title="bbox 177 3858 1701 3958; baseline -0.003 -25"><span class='ocrx_word' id='word_1_257' title='bbox 177 3859 389 3935; x_wconf 89' lang='lat' dir='ltr'><strong>Sententiae</strong></span> <span class='ocrx_word' id='word_1_258' title='bbox 416 3858 590 3933; x_wconf 82' lang='lat' dir='ltr'><strong>Auctoris</strong></span> <span class='ocrx_word' id='word_1_259' title='bbox 617 3858 913 3958; x_wconf 83' lang='lat' dir='ltr'><strong>eschatologicae</strong></span> <span class='ocrx_word' id='word_1_260' title='bbox 939 3884 1011 3931; x_wconf 94' lang='lat' dir='ltr'><strong>non</strong></span> <span class='ocrx_word' id='word_1_261' title='bbox 1038 3858 1187 3932; x_wconf 90' lang='lat' dir='ltr'><strong>omnino</strong></span> <span class='ocrx_word' id='word_1_262' title='bbox 1212 3858 1333 3931; x_wconf 88' lang='lat' dir='ltr'><strong>clarae</strong></span> <span class='ocrx_word' id='word_1_263' title='bbox 1356 3870 1578 3956; x_wconf 87' lang='lat' dir='ltr'><strong>apertaeque</strong></span> <span class='ocrx_word' id='word_1_264' title='bbox 1602 3871 1701 3930; x_wconf 91' lang='lat' dir='ltr'><strong>sunt.</strong></span> 
     </span>
     <span class='ocr_line' id='line_1_27' title="bbox 104 3990 1704 4092; baseline -0.002 -27"><span class='ocrx_word' id='word_1_265' title='bbox 104 3996 288 4066; x_wconf 78' lang='lat' dir='ltr'><strong>Memento</strong></span> <span class='ocrx_word' id='word_1_266' title='bbox 302 3992 400 4065; x_wconf 89' lang='lat' dir='ltr'><strong>euim</strong></span> <span class='ocrx_word' id='word_1_267' title='bbox 415 3992 613 4092; x_wconf 89' lang='lat' dir='ltr'><strong>praecipua</strong></span> <span class='ocrx_word' id='word_1_268' title='bbox 628 3991 905 4090; x_wconf 88' lang='lat' dir='ltr'><strong>eschatologiae</strong></span> <span class='ocrx_word' id='word_1_269' title='bbox 921 3990 1197 4090; x_wconf 88' lang='lat' dir='ltr'><strong>apocalyptieae</strong></span> <span class='ocrx_word' id='word_1_270' title='bbox 1214 4020 1221 4062; x_wconf 92' lang='lat'>:</span> <span class='ocrx_word' id='word_1_271' title='bbox 1239 3991 1347 4089; x_wconf 90' lang='lat' dir='ltr'><strong>signa</strong></span> <span class='ocrx_word' id='word_1_272' title='bbox 1363 3991 1511 4090; x_wconf 91' lang='lat' dir='ltr'><strong>praevia</strong></span> <span class='ocrx_word' id='word_1_273' title='bbox 1526 3990 1704 4064; x_wconf 87' lang='lat' dir='ltr'><strong>adventus</strong></span> 
     </span>
     <span class='ocr_line' id='line_1_28' title="bbox 103 4123 1706 4224; baseline -0.003 -25"><span class='ocrx_word' id='word_1_274' title='bbox 103 4125 274 4212; x_wconf 83' lang='lat' dir='ltr'><strong>Messiac,</strong></span> <span class='ocrx_word' id='word_1_275' title='bbox 299 4150 456 4224; x_wconf 90' lang='lat' dir='ltr'><strong>regnum</strong></span> <span class='ocrx_word' id='word_1_276' title='bbox 478 4126 572 4213; x_wconf 90' lang='lat' dir='ltr'><strong>eius,</strong></span> <span class='ocrx_word' id='word_1_277' title='bbox 588 4126 810 4198; x_wconf 89' lang='lat' dir='ltr'><strong>resurrectio</strong></span> <span class='ocrx_word' id='word_1_278' title='bbox 831 4137 1072 4210; x_wconf 89' lang='lat' dir='ltr'><strong>mortuorum,</strong></span> <span class='ocrx_word' id='word_1_279' title='bbox 1089 4123 1264 4196; x_wconf 89' lang='lat' dir='ltr'><strong>iudicium</strong></span> <span class='ocrx_word' id='word_1_280' title='bbox 1286 4123 1495 4197; x_wconf 89' lang='lat' dir='ltr'><strong>universale</strong></span> <span class='ocrx_word' id='word_1_281' title='bbox 1516 4147 1591 4196; x_wconf 93' lang='lat' dir='ltr'><strong>non</strong></span> <span class='ocrx_word' id='word_1_282' title='bbox 1611 4147 1706 4195; x_wconf 92' lang='lat' dir='ltr'><strong>sem·</strong></span> 
     </span>
     <span class='ocr_line' id='line_1_29' title="bbox 102 4255 1705 4357; baseline -0.002 -24"><span class='ocrx_word' id='word_1_283' title='bbox 102 4284 167 4357; x_wconf 90' lang='lat' dir='ltr'><strong>per</strong></span> <span class='ocrx_word' id='word_1_284' title='bbox 200 4259 331 4334; x_wconf 90' lang='lat' dir='ltr'><strong>eodem</strong></span> <span class='ocrx_word' id='word_1_285' title='bbox 361 4259 489 4332; x_wconf 92' lang='lat' dir='ltr'><strong>ordine</strong></span> <span class='ocrx_word' id='word_1_286' title='bbox 523 4271 728 4331; x_wconf 90' lang='lat' dir='ltr'><strong>recurrunt.</strong></span> <span class='ocrx_word' id='word_1_287' title='bbox 758 4261 852 4330; x_wconf 88' lang='lat' dir='ltr'><strong>Sunt</strong></span> <span class='ocrx_word' id='word_1_288' title='bbox 883 4256 979 4329; x_wconf 90' lang='lat' dir='ltr'><strong>enim</strong></span> <span class='ocrx_word' id='word_1_289' title='bbox 1008 4256 1098 4341; x_wconf 87' lang='lat' dir='ltr'><strong>loci,</strong></span> <span class='ocrx_word' id='word_1_290' title='bbox 1127 4255 1191 4329; x_wconf 89' lang='lat' dir='ltr'><strong>ubi</strong></span> <span class='ocrx_word' id='word_1_291' title='bbox 1223 4281 1378 4355; x_wconf 90' lang='lat' dir='ltr'><strong>regnum</strong></span> <span class='ocrx_word' id='word_1_292' title='bbox 1408 4256 1566 4330; x_wconf 84' lang='lat' dir='ltr'><strong>Moesiae</strong></span> <span class='ocrx_word' id='word_1_293' title='bbox 1597 4257 1705 4330; x_wconf 90' lang='lat' dir='ltr'><strong>modo</strong></span> 
     </span>
     <span class='ocr_line' id='line_1_30' title="bbox 101 4389 1706 4490; baseline -0.002 -26"><span class='ocrx_word' id='word_1_294' title='bbox 101 4392 354 4466; x_wconf 88' lang='lat' dir='ltr'><strong>chiliastarum</strong></span> <span class='ocrx_word' id='word_1_295' title='bbox 370 4417 469 4465; x_wconf 89' lang='lat' dir='ltr'><strong>mere</strong></span> <span class='ocrx_word' id='word_1_296' title='bbox 489 4405 664 4475; x_wconf 89' lang='lat' dir='ltr'><strong>terrestre</strong></span> <span class='ocrx_word' id='word_1_297' title='bbox 681 4403 882 4473; x_wconf 88' lang='lat' dir='ltr'><strong>statuatur;</strong></span> <span class='ocrx_word' id='word_1_298' title='bbox 904 4389 992 4490; x_wconf 83' lang='lat' dir='ltr'><strong>alibi</strong></span> <span class='ocrx_word' id='word_1_299' title='bbox 1007 4389 1173 4462; x_wconf 87' lang='lat' dir='ltr'><strong>vicissim</strong></span> <span class='ocrx_word' id='word_1_300' title='bbox 1188 4390 1368 4489; x_wconf 89' lang='lat' dir='ltr'><strong>apparitio</strong></span> <span class='ocrx_word' id='word_1_301' title='bbox 1385 4391 1543 4463; x_wconf 89' lang='lat' dir='ltr'><strong>Messiac</strong></span> <span class='ocrx_word' id='word_1_302' title='bbox 1559 4389 1706 4462; x_wconf 89' lang='lat' dir='ltr'><strong>demum</strong></span> 
     </span>
     <span class='ocr_line' id='line_1_31' title="bbox 102 4522 1277 4625; baseline -0.004 -25"><span class='ocrx_word' id='word_1_303' title='bbox 102 4537 187 4625; x_wconf 89' lang='lat' dir='ltr'><strong>post</strong></span> <span class='ocrx_word' id='word_1_304' title='bbox 206 4525 517 4599; x_wconf 87' lang='lat' dir='ltr'><strong>resurrectionem</strong></span> <span class='ocrx_word' id='word_1_305' title='bbox 537 4537 778 4610; x_wconf 88' lang='lat' dir='ltr'><strong>mortuorum,</strong></span> <span class='ocrx_word' id='word_1_306' title='bbox 801 4525 838 4596; x_wconf 93' lang='lat' dir='ltr'><strong>in</strong></span> <span class='ocrx_word' id='word_1_307' title='bbox 859 4524 931 4597; x_wconf 90' lang='lat' dir='ltr'><strong>line</strong></span> <span class='ocrx_word' id='word_1_308' title='bbox 952 4522 1092 4609; x_wconf 91' lang='lat' dir='ltr'><strong>mundi,</strong></span> <span class='ocrx_word' id='word_1_309' title='bbox 1116 4524 1277 4621; x_wconf 91' lang='lat' dir='ltr'><strong>ponitur.</strong></span> 
     </span>
    </p>

    <p class='ocr_par' dir='ltr' id='par_1_9' title="bbox 104 4656 1707 5155">
     <span class='ocr_line' id='line_1_32' title="bbox 176 4656 1707 4756; baseline -0.001 -27"><span class='ocrx_word' id='word_1_310' title='bbox 176 4658 385 4732; x_wconf 89' lang='lat' dir='ltr'><strong>Adventum</strong></span> <span class='ocrx_word' id='word_1_311' title='bbox 413 4658 571 4731; x_wconf 84' lang='lat' dir='ltr'><strong>Messiac</strong></span> <span class='ocrx_word' id='word_1_312' title='bbox 596 4657 818 4756; x_wconf 90' lang='lat' dir='ltr'><strong>praecedent</strong></span> <span class='ocrx_word' id='word_1_313' title='bbox 843 4657 989 4756; x_wconf 88' lang='lat' dir='ltr'><strong>plagae,</strong></span> <span class='ocrx_word' id='word_1_314' title='bbox 1013 4680 1106 4754; x_wconf 89' lang='lat' dir='ltr'><strong>quas</strong></span> <span class='ocrx_word' id='word_1_315' title='bbox 1130 4668 1233 4729; x_wconf 91' lang='lat' dir='ltr'><strong>totus</strong></span> <span class='ocrx_word' id='word_1_316' title='bbox 1261 4656 1361 4728; x_wconf 89' lang='lat' dir='ltr'><strong>orbis</strong></span> <span class='ocrx_word' id='word_1_317' title='bbox 1387 4669 1629 4755; x_wconf 91' lang='lat' dir='ltr'><strong>percepturus</strong></span> <span class='ocrx_word' id='word_1_318' title='bbox 1650 4669 1707 4729; x_wconf 86' lang='lat' dir='ltr'><strong>est</strong></span> 
     </span>
     <span class='ocr_line' id='line_1_33' title="bbox 104 4788 1706 4889; baseline -0.001 -28"><span class='ocrx_word' id='word_1_319' title='bbox 104 4800 215 4889; x_wconf 69' lang='lat' dir='ltr'><strong>(xxrx,</strong></span> <span class='ocrx_word' id='word_1_320' title='bbox 237 4793 282 4886; x_wconf 91' lang='lat' dir='ltr'><strong>l).</strong></span> <span class='ocrx_word' id='word_1_321' title='bbox 296 4789 526 4864; x_wconf 85' lang='lat' dir='ltr'><strong>Adveniente</strong></span> <span class='ocrx_word' id='word_1_322' title='bbox 541 4792 679 4864; x_wconf 86' lang='lat' dir='ltr'><strong>Massia</strong></span> <span class='ocrx_word' id='word_1_323' title='bbox 690 4788 951 4863; x_wconf 89' lang='lat' dir='ltr'><strong>revelabuntur</strong></span> <span class='ocrx_word' id='word_1_324' title='bbox 965 4789 1168 4862; x_wconf 91' lang='lat' dir='ltr'><strong>Behemoth</strong></span> <span class='ocrx_word' id='word_1_325' title='bbox 1180 4790 1217 4861; x_wconf 86' lang='lat' dir='ltr'><strong>et</strong></span> <span class='ocrx_word' id='word_1_326' title='bbox 1231 4788 1443 4875; x_wconf 72' lang='lat' dir='ltr'><strong>leviathan,</strong></span> <span class='ocrx_word' id='word_1_327' title='bbox 1458 4789 1553 4862; x_wconf 89' lang='lat' dir='ltr'><strong>duae</strong></span> <span class='ocrx_word' id='word_1_328' title='bbox 1564 4788 1706 4861; x_wconf 88' lang='lat' dir='ltr'><strong>bestiae</strong></span> 
     </span>
     <span class='ocr_line' id='line_1_34' title="bbox 104 4921 1706 5023; baseline -0.002 -26"><span class='ocrx_word' id='word_1_329' title='bbox 104 4934 288 5023; x_wconf 89' lang='lat' dir='ltr'><strong>potentes,</strong></span> <span class='ocrx_word' id='word_1_330' title='bbox 306 4947 461 5021; x_wconf 87' lang='lat' dir='ltr'><strong>quarum</strong></span> <span class='ocrx_word' id='word_1_331' title='bbox 481 4948 611 4997; x_wconf 87' lang='lat' dir='ltr'><strong>carnes</strong></span> <span class='ocrx_word' id='word_1_332' title='bbox 631 4923 669 4995; x_wconf 93' lang='lat' dir='ltr'><strong>in</strong></span> <span class='ocrx_word' id='word_1_333' title='bbox 689 4947 811 5017; x_wconf 82' lang='lat' dir='ltr'><strong>escam</strong></span> <span class='ocrx_word' id='word_1_334' title='bbox 834 4923 1015 4997; x_wconf 89' lang='lat' dir='ltr'><strong>iustorum</strong></span> <span class='ocrx_word' id='word_1_335' title='bbox 1039 4922 1222 5020; x_wconf 88' lang='lat' dir='ltr'><strong>repositae</strong></span> <span class='ocrx_word' id='word_1_336' title='bbox 1245 4935 1344 4995; x_wconf 88' lang='lat' dir='ltr'><strong>sunt.</strong></span> <span class='ocrx_word' id='word_1_337' title='bbox 1368 4922 1465 4996; x_wconf 92' lang='lat' dir='ltr'><strong>Vitis</strong></span> <span class='ocrx_word' id='word_1_338' title='bbox 1489 4933 1526 4994; x_wconf 90' lang='lat' dir='ltr'><strong>et</strong></span> <span class='ocrx_word' id='word_1_339' title='bbox 1543 4921 1706 4994; x_wconf 91' lang='lat' dir='ltr'><strong>triticum</strong></span> 
     </span>
     <span class='ocr_line' id='line_1_35' title="bbox 108 5053 1703 5155; baseline -0.004 -24"><span class='ocrx_word' id='word_1_340' title='bbox 108 5056 248 5131; x_wconf 89' lang='lat' dir='ltr'><strong>dabunt</strong></span> <span class='ocrx_word' id='word_1_341' title='bbox 271 5056 412 5131; x_wconf 90' lang='lat' dir='ltr'><strong>lructus</strong></span> <span class='ocrx_word' id='word_1_342' title='bbox 441 5057 553 5130; x_wconf 89' lang='lat' dir='ltr'><strong>mirae</strong></span> <span class='ocrx_word' id='word_1_343' title='bbox 578 5057 809 5155; x_wconf 87' lang='lat' dir='ltr'><strong>quantitatis,</strong></span> <span class='ocrx_word' id='word_1_344' title='bbox 833 5056 1105 5155; x_wconf 88' lang='lat' dir='ltr'><strong>descendetque</strong></span> <span class='ocrx_word' id='word_1_345' title='bbox 1127 5081 1188 5128; x_wconf 88' lang='lat' dir='ltr'><strong>ros</strong></span> <span class='ocrx_word' id='word_1_346' title='bbox 1208 5055 1378 5128; x_wconf 89' lang='lat' dir='ltr'><strong>sanitatis</strong></span> <span class='ocrx_word' id='word_1_347' title='bbox 1404 5053 1448 5127; x_wconf 89' lang='lat' dir='ltr'><strong>de</strong></span> <span class='ocrx_word' id='word_1_348' title='bbox 1474 5055 1576 5128; x_wconf 90' lang='lat' dir='ltr'><strong>caelo</strong></span> <span class='ocrx_word' id='word_1_349' title='bbox 1596 5058 1703 5147; x_wconf 76' lang='lat' dir='ltr'><strong>(xxix,</strong></span> 
     </span>
    </p>
   </div>
   <div class='ocr_carea' id='block_1_5' title="bbox 104 5403 1708 5813">
    <p class='ocr_par' dir='ltr' id='par_1_10' title="bbox 104 5403 1708 5706">
     <span class='ocr_line' id='line_1_36' title="bbox 168 5403 1708 5494; baseline -0.003 -25"><span class='ocrx_word' id='word_1_350' title='bbox 168 5415 195 5469; x_wconf 93' lang='lat'><strong>1.</strong></span> <span class='ocrx_word' id='word_1_351' title='bbox 214 5408 264 5472; x_wconf 88' lang='lat' dir='ltr'><strong>Cl.</strong></span> <span class='ocrx_word' id='word_1_352' title='bbox 286 5408 420 5484; x_wconf 88' lang='lat' dir='ltr'><strong>Weber,</strong></span> <span class='ocrx_word' id='word_1_353' title='bbox 436 5409 489 5471; x_wconf 84' lang='lat' dir='ltr'><strong>die</strong></span> <span class='ocrx_word' id='word_1_354' title='bbox 508 5409 636 5472; x_wconf 79' lang='lat' dir='ltr'><strong>Lebren</strong></span> <span class='ocrx_word' id='word_1_355' title='bbox 651 5409 709 5471; x_wconf 81' lang='lat' dir='ltr'><strong>dea</strong></span> <span class='ocrx_word' id='word_1_356' title='bbox 729 5408 899 5489; x_wconf 82' lang='lat' dir='ltr'><strong>Talmuds,</strong></span> <span class='ocrx_word' id='word_1_357' title='bbox 917 5407 1063 5494; x_wconf 87' lang='lat' dir='ltr'><strong>Leipzig,</strong></span> <span class='ocrx_word' id='word_1_358' title='bbox 1083 5412 1169 5470; x_wconf 80' lang='lat'>1880.</span> <span class='ocrx_word' id='word_1_359' title='bbox 1188 5406 1224 5469; x_wconf 95' lang='lat' dir='ltr'><strong>ln</strong></span> <span class='ocrx_word' id='word_1_360' title='bbox 1238 5407 1302 5470; x_wconf 87' lang='lat' dir='ltr'><strong>alia</strong></span> <span class='ocrx_word' id='word_1_361' title='bbox 1324 5407 1427 5470; x_wconf 80' lang='lat' dir='ltr'><strong>forma</strong></span> <span class='ocrx_word' id='word_1_362' title='bbox 1446 5405 1581 5469; x_wconf 87' lang='lat' dir='ltr'><strong>recurrit</strong></span> <span class='ocrx_word' id='word_1_363' title='bbox 1596 5403 1708 5465; x_wconf 89' lang='lat' dir='ltr'><strong>eadem</strong></span> 
     </span>
     <span class='ocr_line' id='line_1_37' title="bbox 104 5510 1708 5597; baseline -0.004 -21"><span class='ocrx_word' id='word_1_364' title='bbox 104 5514 177 5577; x_wconf 91' lang='lat' dir='ltr'><strong>idea</strong></span> <span class='ocrx_word' id='word_1_365' title='bbox 198 5515 231 5577; x_wconf 91' lang='lat' dir='ltr'><strong>iu</strong></span> <span class='ocrx_word' id='word_1_366' title='bbox 257 5515 399 5578; x_wconf 80' lang='lat' dir='ltr'><strong>Pastore</strong></span> <span class='ocrx_word' id='word_1_367' title='bbox 423 5514 571 5592; x_wconf 88' lang='lat' dir='ltr'><strong>Hermae,</strong></span> <span class='ocrx_word' id='word_1_368' title='bbox 595 5516 651 5578; x_wconf 90' lang='lat' dir='ltr'><strong>ubi</strong></span> <span class='ocrx_word' id='word_1_369' title='bbox 673 5515 808 5578; x_wconf 87' lang='lat' dir='ltr'><strong>Hermas</strong></span> <span class='ocrx_word' id='word_1_370' title='bbox 833 5515 865 5577; x_wconf 93' lang='lat' dir='ltr'><strong>in</strong></span> <span class='ocrx_word' id='word_1_371' title='bbox 892 5515 996 5578; x_wconf 87' lang='lat' dir='ltr'><strong>lorrna</strong></span> <span class='ocrx_word' id='word_1_372' title='bbox 1026 5514 1170 5577; x_wconf 87' lang='lat' dir='ltr'><strong>mulieris</strong></span> <span class='ocrx_word' id='word_1_373' title='bbox 1199 5513 1325 5577; x_wconf 88' lang='lat' dir='ltr'><strong>vetulae</strong></span> <span class='ocrx_word' id='word_1_374' title='bbox 1347 5514 1508 5597; x_wconf 87' lang='lat' dir='ltr'><strong>conspicit</strong></span> <span class='ocrx_word' id='word_1_375' title='bbox 1531 5510 1708 5575; x_wconf 85' lang='lat' dir='ltr'><strong>Ecclesiam</strong></span> 
     </span>
     <span class='ocr_line' id='line_1_38' title="bbox 107 5621 843 5706; baseline 0.007 -26"><span class='ocrx_word' id='word_1_376' title='bbox 107 5621 150 5681; x_wconf 77' lang='lat' dir='ltr'><strong>at</strong></span> <span class='ocrx_word' id='word_1_377' title='bbox 164 5623 291 5695; x_wconf 72' lang='grc' dir='ltr'>ταύτηνδ</span> <span class='ocrx_word' id='word_1_378' title='bbox 309 5622 408 5703; x_wconf 74' lang='grc' dir='ltr'>κόσμος</span> <span class='ocrx_word' id='word_1_379' title='bbox 421 5625 583 5706; x_wconf 78' lang='grc' dir='ltr'>κατηρτίσθη</span> <span class='ocrx_word' id='word_1_380' title='bbox 602 5623 682 5705; x_wconf 77' lang='lat' dir='ltr'><strong>(Vis.</strong></span> <span class='ocrx_word' id='word_1_381' title='bbox 702 5645 737 5697; x_wconf 92' lang='lat'><strong>11,</strong></span> <span class='ocrx_word' id='word_1_382' title='bbox 755 5628 784 5698; x_wconf 82' lang='lat' dir='ltr'><strong>lr,</strong></span> <span class='ocrx_word' id='word_1_383' title='bbox 803 5624 843 5704; x_wconf 82' lang='lat'><strong>1).</strong></span> 
     </span>
    </p>

    <p class='ocr_par' dir='ltr' id='par_1_11' title="bbox 168 5727 764 5813">
     <span class='ocr_line' id='line_1_39' title="bbox 168 5727 764 5813; baseline 0 -22"><span class='ocrx_word' id='word_1_384' title='bbox 168 5735 198 5791; x_wconf 84' lang='lat'><strong>2.</strong></span> <span class='ocrx_word' id='word_1_385' title='bbox 220 5727 282 5812; x_wconf 87' lang='lat' dir='ltr'><strong>Op.</strong></span> <span class='ocrx_word' id='word_1_386' title='bbox 299 5732 351 5792; x_wconf 82' lang='lat' dir='ltr'><strong>cit.</strong></span> <span class='ocrx_word' id='word_1_387' title='bbox 367 5750 400 5813; x_wconf 89' lang='lat' dir='ltr'><strong>p.</strong></span> <span class='ocrx_word' id='word_1_388' title='bbox 418 5736 448 5809; x_wconf 86' lang='lat'><strong>6,</strong></span> <span class='ocrx_word' id='word_1_389' title='bbox 465 5731 498 5792; x_wconf 92' lang='lat' dir='ltr'><strong>in</strong></span> <span class='ocrx_word' id='word_1_390' title='bbox 517 5739 593 5792; x_wconf 91' lang='lat' dir='ltr'><strong>nota</strong></span> <span class='ocrx_word' id='word_1_391' title='bbox 608 5731 648 5791; x_wconf 88' lang='lat' dir='ltr'><strong>ad</strong></span> <span class='ocrx_word' id='word_1_392' title='bbox 664 5730 718 5806; x_wconf 91' lang='lat' dir='ltr'><strong>lV,</strong></span> <span class='ocrx_word' id='word_1_393' title='bbox 734 5735 764 5792; x_wconf 83' lang='lat'><strong>3.</strong></span> 
     </span>
    </p>
   </div>
   <div class='ocr_carea' id='block_1_6' title="bbox 0 0 2084 6466">
    <p class='ocr_par' dir='ltr' id='par_1_12' title="bbox 0 0 2084 6466">
     <span class='ocr_line' id='line_1_40' title="bbox 0 0 2084 6466; baseline 0 0"><span class='ocrx_word' id='word_1_394' title='bbox 0 0 2084 6466; x_wconf 95' lang='lat' dir='ltr'><strong> </strong></span> 
     </span>
    </p>
   </div>
  </div>
 </body>
</html>
