4132 6466
752 493 996 562 PRAEFATIO
1609 507 1685 565 1066

165 658 354 731 Sententia
377 658 538 732 auctoris
565 659 662 731 circa
689 683 842 758 regnum
862 659 1122 734 Messianicum
1145 660 1326 760 finemque
1355 662 1492 735 saeculi
1512 677 1685 738 accurate

89 789 235 863 definiri
260 815 332 864 non
356 804 490 890 potest.
518 792 670 866 Duobus
694 792 785 866 locis
813 793 986 867 Moesiam
1014 807 1372 891 regemterrestrem
1399 820 1481 869 asse
1508 796 1684 895 supponit

89 952 210 1011 nara,
232 925 249 996 l
267 951 369 1024 seqq.
387 929 438 998 lb.
456 926 527 1014 7,8
543 925 649 1000 aliter
662 952 787 1012 nxvru,
806 926 827 997 3
844 952 962 1026 seqq„
981 927 1043 1000 ubi
1059 928 1104 1002 de
1120 928 1340 1001 Messianico
1357 953 1472 1029 reguo
1490 930 1542 1002 ita
1558 929 1683 1028 loqui·

90 1071 164 1145 tur,
182 1084 225 1131 ac
245 1058 277 1131 si
302 1058 339 1131 id
363 1057 508 1132 initium
530 1071 631 1133 esset
651 1059 789 1133 saeculi
809 1059 907 1146 novi,
936 1061 1034 1160 quod
1056 1061 1185 1161 incipit
1206 1085 1227 1133 a
1253 1061 1389 1135 iudicio
1418 1061 1618 1136 universali
1649 1075 1685 1137 et

90 1204 319 1266 mortuorum
347 1194 628 1279 resurrectione,
650 1195 737 1268 dum
763 1194 907 1267 duobus
937 1194 1028 1268 locis
1053 1194 1237 1294 prioribus
1268 1194 1442 1268 iudicium
1475 1196 1682 1269 universale

90 1308 239 1400 demum
262 1339 346 1427 post
364 1328 562 1401 adventum
588 1327 746 1401 Messias
766 1342 979 1401 eventurum
1001 1354 1083 1402 esse
1106 1328 1314 1428 pollicetur.

166 1460 373 1534 Adventum
396 1460 554 1535 Messiae
572 1462 794 1560 praecedent
817 1461 949 1560 plagae
972 1486 1141 1562 magnae,
1158 1486 1250 1561 quas
1277 1475 1378 1535 totus
1404 1462 1503 1537 orbis
1528 1486 1683 1562 percep·

89 1606 198 1667 turus
215 1606 272 1668 est
285 1595 397 1692 (anx,
422 1595 472 1692 l.)
490 1593 626 1668 Messia
644 1594 814 1668 veniente
835 1593 1056 1667 revelabitur
1077 1595 1278 1669 Behemoth
1302 1609 1339 1669 et
1356 1596 1570 1699 Leviatban,
1586 1595 1682 1669 duae

89 1726 233 1801 hestiae
259 1752 445 1815 enormes,
470 1753 562 1826 quas
590 1729 690 1811 Deus
716 1727 824 1801 iustis
843 1728 889 1799 ‚in
916 1752 1037 1801 escam
1061 1728 1303 1827 praeparavit.
1330 1728 1427 1803 Vitis
1455 1742 1491 1803 et
1520 1729 1683 1803 triticum

89 1861 233 1934 fructus
257 1860 394 1934 dabant
414 1861 526 1936 mirae
545 1861 775 1959 quantitatis,
793 1886 855 1934 ros
871 1861 1040 1935 sanitatis
1058 1862 1103 1935 de
1123 1861 1225 1935 caelo
1245 1862 1444 1935 descendet
1459 1868 1567 1957 (xxix,
1586 1862 1678 1960 4-8).

91 1997 228 2069 Postea
245 1995 498 2069 Messias'cum
520 1994 639 2095 gloria
660 2007 868 2070 assumetur
889 2008 926 2068 et
947 1995 1080 2069 mortui
1102 2010 1296 2095 resurgent
1314 2024 1321 2067 :
1341 1995 1426 2069 iusti
1449 1995 1677 2094 gaudebunt,

90 2128 196 2227 impii
211 2128 401 2203 tabescent
417 2128 514 2225 (xxx,
536 2130 625 2226 1-5.)

169 2261 312 2335 Similia
335 2275 460 2335 narrat
487 2262 633 2362 quando
661 2262 840 2337 visionem
867 2263 911 2336 de
936 2262 1001 2335 viti
1025 2274 1061 2335 et
1088 2261 1179 2335 silva
1204 2274 1241 2336 et
1269 2263 1368 2337 lonte
1393 2262 1654 2362 interpretatur
1675 2289 1683 2332 :

91 2396 283 2469 destructo
305 2421 421 2496 regno
436 2409 565 2494 quarto
578 2397 656 2469 Deo
672 2395 819 2470 inimico
839 2395 1058 2470 revelabitur
1076 2395 1305 2496 principatus
1322 2395 1481 2469 Messiae
1500 2400 1634 2490 (xxxrx,
1653 2396 1687 2491 7)

89 2528 246 2603 ultimus
265 2540 387 2603 autern
402 2529 526 2629 gentis
548 2529 648 2602 illius
668 2530 741 2602 dux
760 2529 986 2629 relinquetur
1004 2530 1123 2616 vivus,
1142 2554 1249 2628 quem
1271 2529 1428 2603 Messias
1450 2542 1583 2630 arguet
1606 2554 1686 2603 om·

92 2662 196 2735 nium
226 2662 453 2760 impietatum
479 2676 644 2736 atreum
672 2663 800 2737 mortis
828 2662 1101 2749 condemnabit,
1128 2662 1354 2762 principatus
1381 2675 1504 2736 antem
1537 2663 1617 2736 eius
1651 2662 1689 2734 in

91 2797 284 2869 saeculum
314 2795 443 2883 stabit,
470 2797 586 2871 donec
617 2808 888 2870 consummetur
922 2795 1080 2870 mundus
1114 2796 1359 2894 corruptionis
1391 2800 1465 2889 (xa,
1498 2795 1594 2894 1-4.)
1621 2794 1687 2868 His

91 2929 211 3029 igitur
239 2929 331 3003 locis
357 2930 584 3029 principatus
612 2930 769 3003 Moesiae
794 2943 981 3028 tamquam
1003 2954 1158 3029 regnam
1187 2929 1334 3029 tyranni
1359 2928 1547 3003 terrestris
1578 2928 1687 3001 modo

90 3087 222 3136 crasso
253 3062 487 3162 sensualique
518 3062 768 3136 chiliastarum
803 3062 1034 3137 describitur.
1062 3062 1158 3135 Aliis
1189 3063 1321 3136 iterum
1354 3063 1448 3137 locis
1480 3074 1608 3135 auctor
1638 3060 1690 3135 ita

90 3195 270 3294 loquitur,
288 3222 330 3270 ac
350 3196 382 3270 si
397 3221 552 3298 regnum
574 3196 833 3270 Messiauioum
852 3197 999 3270 demum
1017 3195 1064 3268 ad
1079 3195 1223 3268 initium
1241 3195 1380 3270 saeculi
1406 3195 1508 3280 novi3
1528 3195 1597 3269 hoc
1616 3207 1687 3281 est,

4 3408 5 3423 χ
89 3342 179 3429 post
203 3330 508 3405 resurrectionem
532 3343 568 3404 et
590 3329 764 3402 iudicium
788 3329 994 3403 universale
1016 3329 1229 3403 collocaret.

149 5846 215 5881 l’ss'll.
228 5846 280 5879 ΗΒ.
293 5858 319 5867 -
332 5845 353 5879 P.
367 5846 382 5878 1.
395 5846 416 5879 Τ.
430 5846 455 5879 11.
