4122 6472
789 488 1045 555 PRAEFATIO.
1641 499 1718 560 1366

108 660 336 749 κατειληφέναι
360 658 518 750 λέγουσιν,
538 657 611 725 ἀλλ’
631 658 686 725 οὐκ
710 657 777 752 ἔρισι
803 683 840 751 γε
864 656 951 751 ριλον
977 659 1097 737 τοίτοις
1121 663 1277 752 προσέχειν
1301 666 1355 727 τὸν
1377 658 1479 727 νοῦν“.
1501 661 1614 752 Neque
1639 683 1718 730 vero

110 780 211 852 todia
236 780 518 874 quoquedeest,
542 780 603 872 qui
624 792 779 872 copertos
804 803 839 850 se
862 781 978 850 dicant
999 781 1071 851 eius
1095 781 1229 850 nomini
1253 782 1406 853 irrecocto
1433 783 1587 875 πορίσαι
1610 784 1719 854 inesse

111 907 261 975 uirtutes
284 905 330 974 ad
356 903 593 997 superstitiosa
617 904 782 997 quaedam
803 906 1011 997 peragenda,
1033 906 1157 998 quiite
1178 906 1329 997 equidem
1355 929 1421 977 ooo
1443 906 1548 996 facile
1570 888 1720 978 adducor

112 1041 149 1099 ut
169 1029 324 1099 cratem.

187 1155 274 1234 Γόης
287 1156 422 1250 ἀτεχνῶς
436 1153 506 1223 ἀντὶ
523 1159 684 1249 φιλοσόφου
702 1153 952 1249 sepuitorem&
975 1158 1082 1223 Immo
1100 1177 1222 1247 mogus
1243 1156 1421 1245 manifeste
1434 1179 1499 1248 pro
1516 1156 1719 1249 philosopho

111 1278 392 1371 deprehendetur.

189 1399 432 1500 Apollonium
456 1423 547 1499 ergo
577 1424 727 1500 magum
751 1399 866 1473 fuisse
892 1411 1077 1474 testantur
1106 1425 1234 1474 omnes
1260 1400 1322 1474 isti
1349 1401 1491 1500 antiqui
1517 1414 1717 1476 auctores:

113 1525 379 1624 Moeragenes,
397 1524 594 1623 Origenes,
618 1523 814 1611 Lucienus,
833 1522 1075 1598 Philostratcs
1094 1523 1287 1618 (indirecte
1305 1524 1450 1620 saltem)
1465 1538 1502 1600 et
1521 1524 1714 1600 Eusebius.

59 1702 64 1710 -
113 1652 189 1722 Cur
205 1661 333 1722 autem
347 1648 399 1721 ita
413 1661 565 1722 vocetur
584 1647 754 1748 explicite
776 1672 849 1722 non
870 1649 1034 1735 tradunt,
1048 1660 1084 1722 et
1103 1648 1360 1735 Philostrates,
1378 1648 1483 1722 cuius
1504 1649 1658 1724 historia
1677 1649 1716 1722 in

114 1771 291 1846 manibus
312 1772 449 1847 nostris
472 1770 615 1845 servata
641 1784 710 1857 est,
732 1797 825 1871 opus
847 1797 954 1847 suum
978 1772 1185 1871 composuit
1212 1787 1254 1847 ut
1278 1773 1453 1872 probaret
1481 1773 1718 1872 Apollonium

113 1921 271 1996 magum
295 1921 369 1984 non
386 1895 515 1979 fuisse,
538 1922 581 1970 ac
600 1896 753 1995 proinde
773 1896 951 1996 quidquid
971 1897 1154 1996 magicam
1183 1911 1299 1971 artem
1328 1897 1518 1972 redolebat
1545 1922 1590 1973 ex
1608 1922 1719 1997 opere

114 2045 184 2094 suo
206 2019 426 2107 eliminavit,
444 2046 487 2095 ac
506 2021 665 2095 servavit
683 2046 801 2120 pauca
818 2033 962 2095 tantum
980 2020 1151 2123 prodigia
1165 2021 1346 2121 prodigiis
1361 2021 1600 2123 Evangelicis
1624 2046 1721 2101 com·

114 2145 299 2245 paranda.
316 2145 366 2218 At
387 2144 497 2245 paulo
519 2157 617 2245 post,
636 2148 791 2219 loannes
812 2145 978 2233 Malalas,
1000 2145 1096 2219 sexti
1120 2146 1257 2220 sacculi
1280 2158 1422 2234 auctor,
1441 2145 1548 2220 nobis
1569 2145 1722 2219 tradidit

114 2269 303 2366 quaedam
325 2269 512 2368 Apollonii
538 2271 786 2365 Apotetesmotc
816 2269 1059 2370 congruentia
1090 2269 1240 2344 omnino
1271 2295 1354 2343 eum
1381 2270 1439 2343 his
1467 2294 1561 2369 quae
1588 2269 1721 2344 edituri

116 2419 264 2469 sumus.
281 2393 503 2469 Anastasius
524 2393 665 2467 Sinatta
680 2393 804 2479 etiam,
822 2393 1030 2492 patriarcha
1050 2394 1343 2482 antiochenum,
1362 2418 1430 2468 nos
1449 2394 1557 2468 docet
1572 2393 1722 2493 Apollo·

116 2519 221 2592 nium
249 2518 453 2593 confecisse
470 2520 716 2613 Apcteiesmctc
739 2542 832 2616 quae
857 2543 902 2592 eo
929 2545 1002 2617 quo
1020 2518 1167 2592 vivebat
1185 2531 1350 2619 tempore
1377 2518 1497 2593 adhuc
1517 2517 1723 2618 operaban-

120 2647 220 2718 tur⁴.
245 2641 511 2717 Testimonium
530 2641 719 2716 Anastasii
738 2642 1012 2742 exscripserunt
1034 2644 1217 2744 Georgius
1241 2643 1443 2717 monachus
1459 2656 1496 2717 et
1516 2642 1719 2717 Cedrenus.

123 2767 329 2866 Praecipua
349 2766 496 2840 loannis
520 2766 675 2839 Malalae
692 2766 827 2840 νοτίην5
844 2767 891 2839 ad
914 2766 1154 2841 illustrandos
1173 2779 1295 2840 textus
1315 2793 1409 2866 quos
1434 2766 1569 2841 edituri
1595 2791 1722 2839 sumus

123 2891 423 2991 subiungimus:
1531 2906 1534 2913 '

197 3019 265 3088 Ἦν
288 3013 321 3088 δὲ
342 3025 410 3098 τοῖς
433 3018 551 3113 χρόνοις
577 3030 637 3098 τῆς
662 3024 822 3106 βασιλείας
848 3032 903 3086 τοῦ
928 3024 1024 3087 αὐτοῦ
1051 3021 1241 3113 Δομετιανοῦ
1268 3024 1483 3113 όσορώτατος
1514 3019 1726 3097 Ἀπολλώνιος

123 3146 300 3224 όΤυανεώς·
323 3149 374 3212 καί
389 3138 505 3238 ἤκραζε
518 3145 726 3238 πιρεπολεώων
740 3143 794 3213 καὶ
812 3154 972 3235 πανταχοῦ
989 3154 1084 3212 ποιῶν
1103 3146 1282 3238 τελίσρατα
1296 3154 1336 3223 είς
1350 3150 1406 3222 τὰς
1423 3146 1527 3222 πόλεις
1545 3141 1597 3211 καὶ
1608 3142 1651 3221 εἰς
1669 3140 1726 3220 τὰς

123 3276 275 3364 χώρας...
297 3268 349 3336 καὶ
366 3268 470 3336 λοιπὸν
492 3271 555 3337 ἀπὸ
574 3280 629 3338 τοῦ
644 3264 810 3350 Βυζαντίου
828 3263 953 3347 ἐξελθὼν
973 3267 1061 3337 ίποίει
1081 3280 1122 3347 είς
1139 3271 1197 3346 τὰς
1218 3274 1319 3348 ἄλλοις
1336 3271 1475 3346 πόλειςό
1493 3267 1584 3346 αὐτὸς
1608 3267 1728 3336 Ἀπολ-

123 3398 238 3473 λώνιος
260 3399 448 3486 τελέσματα.
469 3393 537 3461 Καὶ
556 3391 647 3469 ἦλθεν
670 3393 721 3462 ἐπὶ
740 3394 798 3471 τἠν
815 3391 929 3487 Συρίαν
953 3395 1017 3462 ἀπὸ
1038 3391 1167 3461 Τυιίνων
1188 3391 1243 3462 καὶ
1268 3393 1404 3469 εἰσῆλθεν
1422 3395 1452 3460 ἐν
1482 3392 1664 3486 Ἀντιοχείᾳ
1684 3402 1726 3477 τῇ

126 3523 264 3611 μεγάλῃ·
297 3517 352 3585 καὶ
377 3524 497 3610 ᾔτησαν
524 3520 614 3586 αὐτόν
646 3526 673 3586 ot
714 3519 885 3611 Ἀντιοχεῖς
916 3521 1059 3612 κτήτορες
1088 3529 1217 3594 ποιῆσαι
1250 3518 1342 3585 κσίκεί
1372 3522 1553 3610 πολίσματα
1588 3523 1655 3609 περὶ
1685 3516 1728 3583 ὧν

125 3634 262 3712 idioten,
288 3641 358 3713 Καὶ
380 3641 523 3716 ἐποίησεν
547 3642 588 3721 είς
615 3642 667 3710 τὸν
694 3646 802 3736 βορρᾶν
826 3639 950 3737 ἄνεμον,
975 3645 1074 3723 θησας
1096 3645 1133 3711 τὸ
1156 3644 1231 3710 αὐτὸ
1254 3648 1393 3734 τίλεσμα
1420 3639 1508 3711 κατὰ
1529 3645 1585 3716 την
1615 3644 1727 3708 ἀνατο-

125 3769 219 3842 λικὴν
250 3767 376 3860 πόρταν.
407 3766 545 3860 Ὁμοίως
567 3760 602 3835 δὲ
626 3767 747 3844 ἐποίησε
771 3774 907 3862 τίλεσρκα
936 3771 965 3836 ἐν
993 3772 1072 3854 αὐτῇ
1099 3777 1140 3861 τῇ
1168 3772 1256 3835 πολει
1283 3774 1335 3835 καί
1362 3760 1416 3834 διὰ
1449 3768 1521 3846 τοὺς
1550 3773 1725 3860 σκορπίους,

127 3892 200 3984 πρὸς
221 3892 261 3960 τὸ
283 3894 326 3985 μὴ
352 3896 469 3984 τολμᾶν
493 3891 602 3969 αὐτοὺς
623 3886 801 3972 πλησιάζειν
822 3903 863 3978 τῇ
882 3894 980 3986 χώρα·
1002 3890 1057 3959 καὶ
1074 3892 1163 3967 ἔθηκε
1181 3894 1219 3959 τὸ
1242 3892 1316 3959 αὐτὸ
1337 3893 1477 3985 τίλεσρεα
1505 3893 1536 3957 ἐν
1564 3896 1648 3984 μέσῳ
1672 3899 1728 3968 τῆς

127 4019 267 4104 πόλεως,
296 4022 428 4095 ποιήσας
456 4023 590 4111 χαλκοῦν
622 4024 764 4110 σκορπίον
796 4015 851 4086 καὶ
879 4019 984 4112 χώσας
1006 4018 1108 4101 αὐτόν,
1134 4011 1234 4096 πήξας
1259 4019 1361 4085 ίποίνω
1389 4013 1477 4083 κίονα
1511 4018 1629 4108 μικρόν.
1662 4014 1728 4081 Καὶ

129 4141 271 4232 ίγίνοντο
301 4142 424 4234 ἀφανεῖς
448 4142 477 4208 οἱ
505 4149 639 4235 σκορπίοι
672 4145 706 4209 ἐκ
733 4151 789 4221 τῆς
819 4142 931 4234 ίνορίας
962 4139 1151 4232 Ἀντιοχείας
1178 4148 1292 4220 πάσης.
1325 4137 1473 4215 Ἐποίησε
1496 4132 1530 4207 δὲ
1560 4138 1613 4206 καὶ
1641 4134 1726 4205 ἄλλα

129 4263 238 4334 πολλὰ
259 4265 330 4334 ἐκεῖ.
351 4264 493 4353 ’ῌτησαν
515 4259 550 4333 tt
574 4269 665 4334 αὐτόν
688 4266 716 4335 oi
742 4273 873 4334 πολῖται
896 4268 946 4332 ἵνα
966 4268 1078 4361 ποιήσῃ
1103 4268 1238 4359 τίλεσρεκ
1260 4265 1333 4359 πρὸς
1357 4266 1426 4343 τοὺς
1449 4266 1599 4342 κώνωπας
1623 4261 1665 4341 είς
1689 4269 1728 4329 τὸ

130 4393 173 4482 μὴ
199 4398 280 4484 ίχειν
303 4393 451 4470 κώνωπας
474 4392 532 4466 την
557 4394 652 4466 αὐτόν
680 4391 767 4458 πόλιν
796 4390 988 4485 Ἀντιόχειαν
991 4438 1062 4458 .....
1086 4390 1157 4458 Καὶ
1183 4392 1285 4458 οὐκέτι
1306 4389 1402 4482 ίριίνη
1430 4392 1460 4456 ἐν
1489 4388 1665 4482 Ἀντιοχείᾳ
1688 4396 1728 4471 τῇ

133 4522 254 4609 μεγάλῃ
274 4511 398 4604 κώνωψ.

205 4637 394 4708 Domitiani
421 4639 482 4706 areb
510 4637 651 4729 imperio
677 4637 796 4729 floruit
819 4638 1093 4729 sapientissimus
1119 4637 1180 4706 ille
1206 4636 1405 4730 Apollonius
1439 4637 1647 4730 Tycoensis;
1671 4634 1731 4727 ριιὶ

130 4763 329 4852 peramara
348 4763 502 4832 ominibus
516 4763 587 4851 scre
601 4762 793 4854 racionem
812 4771 912 4854 atque
925 4761 1063 4831 orbibus
1082 4761 1270 4832 Telesinam
1283 4762 1405 4854 ubique
1417 4761 1542 4851 fecit...
1561 4757 1729 4854 Byzantio

134 4884 254 4956 deinde
264 4886 446 4968 discedens,
464 4886 548 4956 otiis
560 4886 663 4955 etiem
678 4888 713 4956 in
729 4886 866 4954 urbibus
885 4885 1073 4956 Telesmoto
1086 4885 1238 4975 confecit.
1255 4887 1285 4955 Ε
1306 4889 1426 4979 Tyana
1445 4908 1520 4954 cero
1536 4886 1573 4953 in
1588 4883 1728 4976 Syriam

133 5013 316 5101 profatus,
337 5011 552 5080 Antiochiam
576 5032 738 5101 moyerem
755 5010 921 5103 pervenit,
949 5009 1006 5079 obi
1027 5034 1049 5079 α
1070 5010 1280 5103 primoribus
1309 5010 1402 5078 urbis
1431 5020 1569 5101 rogatos
1592 5018 1651 5089 est,
1682 5006 1735 5075 uti

202 5281 228 5335 1.
242 5274 284 5338 P.
303 5273 342 5339 G.
358 5282 382 5337 t.
401 5272 506 5349 xxtl,
522 5271 584 5338 col.
599 5277 669 5338 860.

199 5386 228 5445 2.
244 5379 327 5445 leid.
343 5379 405 5443 col.
421 5383 492 5443 804.

199 5494 229 5550 3.
245 5487 344 5551 Sexto
359 5485 501 5550 saeculo.
517 5484 710 5549 Anastasius
725 5484 738 5546 1
754 5493 899 5549 mortuus
912 5494 964 5549 est
977 5505 1059 5548 anno
1074 5493 1143 5549 599.

201 5598 230 5657 t.
247 5594 287 5659 P.
305 5594 344 5660 G.
360 5601 384 5658 t.
401 5590 575 5667 dxxxix,
592 5592 652 5658 col.
669 5596 738 5655 525.

201 5706 231 5763 5.
248 5700 317 5766 Lib.
334 5699 374 5762 X.
387 5698 511 5784 Migne,
525 5699 564 5761 P.
586 5697 624 5762 G.
642 5707 665 5763 t.
680 5697 807 5773 XCVII,
825 5699 886 5761 coi.
903 5702 1045 5762 too-404.
