4122 6472
794 434 1052 549 russanum.
1645 491 1723 552 1317

194 651 457 748 Fragmentum
487 647 638 723 tertium
669 646 968 747 angelologicum
992 645 1072 718 sine
1102 643 1178 718 ullo
1206 645 1376 719 addimus
1400 649 1661 722 commentario
1688 663 1724 723 et

111 781 241 857 eidem
273 781 531 880 pertractando
569 780 867 882 supersedemus,
895 806 976 853 cum
1013 804 1165 879 prorsus
1195 778 1436 878 improbabile
1469 780 1518 854 sit
1552 780 1643 855 illud
1677 782 1723 855 ad

110 926 383 989 testamentum
393 914 526 987 Adami
541 934 703 1013 unquam
718 913 954 1013 pertinuisse.
975 917 1058 1012 Syr.
1080 913 1149 985 164
1161 937 1306 1012 nempe,
1322 912 1384 1011 qni
1405 911 1496 986 illud
1512 913 1613 989 solus
1634 940 1724 988 con-

111 1048 229 1136 tinet,
246 1047 457 1147 fragmento
477 1048 547 1120 boc
567 1048 672 1122 linito
693 1047 756 1121 iol.
781 1046 843 1121 77b
857 1072 991 1120 novum
1008 1058 1207 1120 tractatum
1226 1045 1354 1144 incipit
1373 1045 1443 1118 snb
1462 1046 1571 1120 titulo
1590 1075 1598 1121 ε

421 1223 1665 1328 ssummpmumauaatniffiaswamateapu
1779 1326 1782 1333 Δ

196 1461 213 1496 «
243 1431 298 1502 De
318 1427 592 1527 dispensatione
616 1427 754 1502 Christi
773 1427 848 1502 nni
869 1440 905 1502 et
929 1428 974 1502 de
997 1426 1282 1502 revelationibus
1309 1440 1346 1500 et
1376 1427 1421 1501 de
1449 1427 1583 1501 divinis
1608 1429 1724 1502 visio·
1774 1490 1777 1495 ⁴

114 1561 244 1647 uibus,
263 1561 469 1659 quaefacta
488 1574 575 1634 sunt
593 1561 691 1659 apud
705 1560 824 1634 iustos
845 1560 1016 1659 antiquos
1041 1574 1078 1634 et
1096 1583 1204 1634 veros
1223 1559 1435 1658 propbetas.
1457 1587 1475 1630 a

194 1696 287 1767 Cum
302 1719 373 1792 quo
390 1719 544 1793 prorsus
562 1692 761 1766 concordat
776 1692 874 1766 add.
896 1693 1034 1779 25‚875
1054 1692 1118 1766 tol.
1140 1691 1215 1778 58¹³,
1233 1692 1296 1790 qui
1311 1691 1415 1766 finito
1434 1694 1642 1793 fragmento
1663 1720 1724 1768 ae·

116 1826 242 1900 cundo
266 1825 395 1900 eodem
421 1825 530 1900 titulo
558 1839 728 1900 recenset
754 1824 888 1898 librum
917 1825 1014 1899 hunc
1041 1825 1238 1911 visionum,
1270 1825 1375 1898 cuius
1398 1824 1511 1899 verbu
1536 1827 1582 1900 ad
1605 1827 1723 1900 Adam

115 1959 342 2058 pertinentia
365 1958 460 2031 inlra
484 1958 724 2033 exhibemus:

114 2174 1664 2261 massennesastaaumwamaaeapuinearum

114 2283 1723 2377 erasmus-asperarmat-namesa-mannaan-„assata

114 2419 188 2491 aaa
204 2411 264 2476 ab
282 2407 340 2482 ath
358 2408 425 2476 tint
443 2408 496 2492 soti
515 2410 574 2483 ,tat
591 2410 686 2489 aaa·
700 2408 760 2476 tt&
775 2419 816 2493 a,
839 2420 873 2484 vt
893 2410 1038 2490 ‚triffi-
1055 2409 1160 2482 dt-ssa
1177 2410 1260 2476 m
1274 2410 1379 2484 stt-tn
1399 2414 1477 2489 ¹2«ss
1491 2419 1598 2468 ω
1614 2414 1665 2484 ἑά
1680 2410 1722 2483 tn

115 2521 1724 2611 ,andanumtsanpartesaaaafaaqoaaaeasuteormesaafmzns

116 2641 541 2720 immeteshusun
560 2638 689 2722 :sulza
708 2638 1416 2723 stopttzsnrxtuat‘smpno.tssaata
1435 2647 1485 2706 aa·
1505 2645 1722 2724 oss-nese·

115 2742 1723 2838 suarmanrnaeanoaieanm.amarissimarumatinensem

114 2874 177 2949 eat
189 2871 237 2945 at
257 2881 300 2939 ‚a
315 2870 396 2937 aar
414 2883 469 2935 as·
484 2872 590 2938 tam
608 2867 685 2938 tn„
697 2881 754 2945 aet
768 2876 876 2946 satae
891 2873 948 2932 »tt
960 2869 1055 2952 arat
1071 2881 1145 2946 “a
1157 2873 1306 2938 maoth*
1318 2874 1380 2947 ,Aa
1392 2872 1471 2945 atat
1485 2870 1538 2952 vet
1551 2871 1611 2946 eal
1625 2878 1723 2947 atti·

601 2985 1187 3066 ,μώῲῖυξὸοοὶὶώθῶϋὴῖο
1199 2987 1657 3070 ,χὶἰοβάαξορρὢιῶξιῲῑῖο
1669 2985 1721 3067 ,γῇ

195 3218 212 3258 a
240 3195 345 3262 Porro
364 3191 505 3262 initium
530 3191 678 3282 facimus
699 3191 1026 3262 cacellentissintum
1051 3191 1093 3262 de
1115 3191 1367 3283 dispensatione
1388 3191 1519 3263 Christi
1540 3191 1608 3261 nni
1629 3203 1661 3261 et
1680 3191 1723 3262 de

113 3325 379 3395 revelationibus
400 3335 432 3394 et
454 3324 495 3393 de
516 3324 718 3409 visionibus,
741 3347 828 3416 quae
846 3328 942 3416 sactu
964 3335 1047 3394 sunt
1069 3324 1162 3417 apud
1181 3324 1287 3394 iustas
1308 3324 1467 3416 antiquos
1485 3335 1517 3395 et
1530 3346 1626 3393 verm
1634 3347 1720 3417 pro-

109 3459 247 3551 phetas.
270 3460 353 3528 Ecce
372 3481 418 3526 ear
433 3457 493 3527 boc
511 3457 693 3527 scordium
707 3460 874 3528 samonis
886 3458 1047 3549 facimus.
1065 3457 1169 3541 Audi,
1190 3457 1359 3527 ortamine
1374 3460 1501 3540 Lector,
1520 3470 1550 3528 et
1566 3457 1721 3548 intellipe

115 3591 283 3685 mysteria
301 3602 332 3662 et
341 3590 541 3684 parabolas,
561 3613 649 3682 quae
662 3591 819 3661 omnibus
831 3591 1111 3682 perrerntionibus
1128 3594 1222 3682 saeta
1235 3601 1327 3675 suat,
1346 3591 1449 3661 denec
1463 3591 1595 3661 veniret
1608 3591 1721 3661 Domi·

115 3747 184 3795 uus
201 3723 331 3817 (caum)
350 3723 553 3817 adimpleret
564 3746 700 3816 corpore
720 3724 949 3794 humanitatis
966 3735 999 3794 et
1019 3725 1147 3794 virtute
1167 3725 1364 3795 divinitatis
1382 3746 1466 3794 sitae
1485 3724 1693 3795 adorandae.

193 3882 212 3925 a
244 3858 361 3927 Volens
380 3867 494 3925 nartem
515 3859 616 3940 Deus,
637 3857 802 3948 formavit
818 3859 870 3927 P'1²
888 3859 945 3927 Nm
964 3857 1086 3941 „idam
1112 3859 1201 3927 sicut
1218 3856 1312 3927 dian
1331 3857 1510 3949 Scriptura
1529 3880 1643 3940 sacru,
1661 3857 1721 3928 boc

116 3990 215 4060 modo
237 4015 248 4060 .·
269 3990 413 4061 Sumens
433 4012 551 4082 rtempe
574 3992 662 4060 Deus
678 3990 855 4082 pulverem
881 4001 913 4061 et
936 3992 1051 4080 ipnem
1076 4001 1107 4060 et
1128 4013 1255 4082 uquam
1279 4000 1311 4060 et
1335 3990 1511 4083 spiritum,
1531 3989 1721 4081 plasmavit

115 4123 228 4193 Adam
248 4122 390 4193 descura
410 4144 474 4193 sua
495 4133 617 4193 sancta
639 4134 672 4193 et
691 4123 849 4214 linquam
864 4146 910 4193 eae
928 4133 1020 4193 terra
1039 4123 1167 4215 posuit,
1191 4122 1380 4203 molleavit,
1404 4122 1615 4194 conculcavit
1634 4146 1722 4215 quae

116 4369 193 4413 nam
215 4348 393 4413 Salvatoris
413 4369 431 4411 e
451 4349 579 4434 virgine
599 4349 761 4425 nativitas,
779 4370 878 4424 mors,
897 4349 1104 4425 resurreetio,
1125 4349 1243 4434 quibus
1263 4350 1296 4413 in
1317 4349 1525 4413 Testamento
1542 4348 1632 4414 Adae
1646 4358 1721 4412 tan-

117 4466 188 4520 tum
213 4465 411 4518 momentum
433 4455 597 4531 tribuitur,
626 4476 686 4539 pro
713 4455 861 4518 doctrina
882 4454 1106 4541 gnosticorum
1126 4455 1363 4540 significatione
1384 4455 1526 4531 carebat,
1548 4465 1580 4519 et
1606 4454 1646 4518 de
1668 4455 1720 4517 his

119 4562 229 4639 rebus,
251 4570 346 4645 prout
366 4562 463 4624 etiam
491 4560 531 4625 de
559 4562 792 4646 redemptione,
815 4563 945 4626 demum
974 4562 1007 4625 iu
1038 4562 1281 4625 recensionibus
1309 4562 1466 4626 librorum
1498 4561 1720 4646 gnosticorum

119 4667 311 4731 recentioris
344 4668 460 4731 aetatis
491 4668 600 4751 agitur
632 4678 664 4732 et
694 4670 836 4752 speciem
870 4669 980 4753 potius
1010 4668 1260 4753 phraseologiae
1287 4688 1367 4752 prae
1395 4689 1431 4731 se
1459 4668 1532 4731 lert.
1565 4667 1616 4731 Cf.
1644 4667 1721 4731 Carl

120 4773 293 4839 Schmidt:
312 4772 506 4837 Gnostisehe
520 4774 686 4857 Sebriflen
704 4779 740 4839 in
757 4775 957 4859 Koptischer
974 4776 1125 4859 Sprache
1144 4796 1208 4838 aas
1226 4775 1301 4839 dem
1323 4775 1429 4837 codex
1442 4774 1634 4837 Brucianus
1648 4774 1719 4857 hag.

121 4882 231 4945 ubera.
248 4882 320 4943 und
332 4879 520 4944 bearbet'tet.
538 4881 682 4967 Leipzig,
701 4888 790 4958 1892,
808 4903 886 4965 pag.
901 4885 971 4945 470.

180 4986 293 5072 Longe
311 4987 511 5072 antiquiores
531 4997 606 5050 sunt
624 4989 837 5062 narrationes,
859 5008 941 5072 quas
961 4987 1147 5052 Preuscheu
1162 5008 1215 5072 op.
1232 4990 1285 5050 cit.
1310 4987 1493 5072 germaniae
1513 4986 1623 5061 edidit,
1640 5007 1722 5070 quo-

120 5113 192 5156 rum
207 5091 332 5157 indoles
347 5094 496 5178 gnostica
510 5114 742 5177 saepenumero
754 5103 865 5177 aperte
880 5093 920 5157 ad
935 5094 1041 5157 lucem
1055 5094 1174 5178 prodit,
1191 5114 1386 5179 quamquam
1401 5092 1538 5178 vestigia
1552 5092 1629 5155 talia
1643 5092 1722 5155 doc·

118 5200 223 5263 trinae
238 5201 404 5284 gnosticae
418 5200 567 5263 reductor
580 5199 779 5265 orthodoxus
793 5200 906 5264 sedulo
921 5200 1029 5264 delere
1043 5201 1216 5276 nitebatur,
1233 5200 1310 5283 quin
1324 5208 1431 5262 tamen
1447 5199 1612 5284 negotium
1628 5218 1722 5262 snum

120 5307 240 5390 ubique
264 5306 390 5371 aflectui
413 5306 610 5371 tradidisset.
641 5306 845 5392 Comparatis
873 5307 1065 5391 fragmentis
1089 5306 1242 5381 armenis,
1270 5327 1352 5392 quae
1371 5306 1557 5369 Preuscheu
1586 5305 1724 5389 originis

122 5412 295 5480 Setbianae
309 5423 412 5498 putat,
429 5433 503 5477 cum
519 5413 725 5477 Testamento
740 5415 878 5498 syriaco,
895 5414 997 5498 liquet
1016 5413 1236 5476 recensionem
1260 5411 1418 5496 syriacam
1440 5412 1472 5474 in
1493 5431 1592 5475 sensu
1612 5409 1724 5474 ortho-

122 5520 208 5584 doxo
221 5520 316 5584 toties
330 5529 364 5584 et
376 5530 444 5583 tam
458 5528 569 5583 exacte
587 5519 749 5584 redactam
763 5540 847 5595 esse,
863 5530 897 5582 ut
916 5519 1081 5583 doetrinae
1099 5520 1265 5603 gnosticae
1285 5539 1324 5583 ne
1338 5519 1422 5582 levia
1436 5518 1567 5603 quidem
1585 5516 1723 5603 vestigia

122 5627 348 5703 remanserint,
369 5636 402 5691 et
415 5634 545 5711 praeter
560 5645 678 5690 nomen
694 5627 773 5692 Seth
796 5626 877 5690 nihil
901 5625 1041 5712 amptius
1061 5646 1134 5689 cum
1154 5626 1287 5709 scriptis
1305 5626 1534 5690 Sethiauorum
1556 5643 1725 5689 commune

122 5732 284 5797 babuerit.
