<?xml version="1.0" encoding="UTF-8"?>
<!DOCTYPE html PUBLIC "-//W3C//DTD XHTML 1.0 Transitional//EN"
    "http://www.w3.org/TR/xhtml1/DTD/xhtml1-transitional.dtd">
<html xmlns="http://www.w3.org/1999/xhtml" xml:lang="en" lang="en">
 <head>
  <title>
</title>
<meta http-equiv="Content-Type" content="text/html;charset=utf-8" />
  <meta name='ocr-system' content='tesseract 3.04.00' />
  <meta name='ocr-capabilities' content='ocr_page ocr_carea ocr_par ocr_line ocrx_word'/>
</head>
<body>
  <div class='ocr_page' id='page_1' title='image "./patrologiasyria02grafgoog_0363.png"; bbox 0 0 4108 6458; ppageno 0'>
   <div class='ocr_carea' id='block_1_1' title="bbox 578 472 1690 546">
    <p class='ocr_par' dir='ltr' id='par_1_1' title="bbox 578 472 1690 546">
     <span class='ocr_line' id='line_1_1' title="bbox 578 472 1690 546; baseline 0.009 -10"><span class='ocrx_word' id='word_1_1' title='bbox 578 474 635 538; x_wconf 85' lang='lat' dir='ltr'>DE</span> <span class='ocrx_word' id='word_1_2' title='bbox 655 474 984 540; x_wconf 84' lang='lat' dir='ltr'>PERSECUTIONE</span> <span class='ocrx_word' id='word_1_3' title='bbox 1008 472 1202 540; x_wconf 88' lang='lat' dir='ltr'>SAPORIS.</span> <span class='ocrx_word' id='word_1_4' title='bbox 1634 489 1690 546; x_wconf 88' lang='lat'>701</span> 
     </span>
    </p>
   </div>
   <div class='ocr_carea' id='block_1_2' title="bbox 92 662 1693 1831">
    <p class='ocr_par' dir='ltr' id='par_1_2' title="bbox 93 662 1693 895">
     <span class='ocr_line' id='line_1_2' title="bbox 166 662 1693 763; baseline 0.005 -28"><span class='ocrx_word' id='word_1_5' title='bbox 166 666 291 735; x_wconf 82' lang='lat' dir='ltr'>Eodem</span> <span class='ocrx_word' id='word_1_6' title='bbox 310 688 412 748; x_wconf 83' lang='lat' dir='ltr'>cono,</span> <span class='ocrx_word' id='word_1_7' title='bbox 433 668 534 735; x_wconf 83' lang='lat' dir='ltr'>Luae</span> <span class='ocrx_word' id='word_1_8' title='bbox 548 663 571 734; x_wconf 89' lang='grc'><strong>6</strong></span> <span class='ocrx_word' id='word_1_9' title='bbox 587 666 697 737; x_wconf 83' lang='lat' dir='ltr'>Misco</span> <span class='ocrx_word' id='word_1_10' title='bbox 720 694 733 736; x_wconf 90' lang='lat'>.·</span> <span class='ocrx_word' id='word_1_11' title='bbox 752 662 963 736; x_wconf 85' lang='lat' dir='ltr'>Trucidatio</span> <span class='ocrx_word' id='word_1_12' title='bbox 982 664 1051 737; x_wconf 70' lang='lat'>120</span> <span class='ocrx_word' id='word_1_13' title='bbox 1069 676 1271 763; x_wconf 90' lang='lat' dir='ltr'>martyrum</span> <span class='ocrx_word' id='word_1_14' title='bbox 1294 664 1332 737; x_wconf 92' lang='lat' dir='ltr'>in</span> <span class='ocrx_word' id='word_1_15' title='bbox 1352 664 1504 739; x_wconf 86' lang='lat' dir='ltr'>urbibus</span> <span class='ocrx_word' id='word_1_16' title='bbox 1525 669 1693 743; x_wconf 83' lang='lat' dir='ltr'>Seleucia</span> 
     </span>
     <span class='ocr_line' id='line_1_3' title="bbox 93 795 1086 895; baseline 0.001 -29"><span class='ocrx_word' id='word_1_17' title='bbox 93 807 129 867; x_wconf 89' lang='lat' dir='ltr'>et</span> <span class='ocrx_word' id='word_1_18' title='bbox 149 795 390 894; x_wconf 89' lang='lat' dir='ltr'>Ctesiphonte</span> <span class='ocrx_word' id='word_1_19' title='bbox 411 821 498 895; x_wconf 81' lang='lat' dir='ltr'>rege</span> <span class='ocrx_word' id='word_1_20' title='bbox 513 795 650 869; x_wconf 85' lang='lat' dir='ltr'>ibidem</span> <span class='ocrx_word' id='word_1_21' title='bbox 666 797 786 869; x_wconf 90' lang='lat' dir='ltr'>denuo</span> <span class='ocrx_word' id='word_1_22' title='bbox 800 809 1046 869; x_wconf 80' lang='lat' dir='ltr'>commorante</span> <span class='ocrx_word' id='word_1_23' title='bbox 1061 800 1086 867; x_wconf 86' lang='lat'>⁴.</span> 
     </span>
    </p>

    <p class='ocr_par' dir='ltr' id='par_1_3' title="bbox 92 929 1693 1133">
     <span class='ocr_line' id='line_1_4' title="bbox 166 929 1693 1028; baseline 0.005 -28"><span class='ocrx_word' id='word_1_24' title='bbox 166 929 307 1001; x_wconf 79' lang='grc' dir='ltr'><strong>Αηηο6</strong></span> <span class='ocrx_word' id='word_1_25' title='bbox 330 931 710 1023; x_wconf 57' lang='lat' dir='ltr'>pernoctaturum</span> <span class='ocrx_word' id='word_1_26' title='bbox 736 929 780 1001; x_wconf 62' lang='lat' dir='ltr'>li</span> <span class='ocrx_word' id='word_1_27' title='bbox 808 934 937 1001; x_wconf 76' lang='lat' dir='ltr'>Kaous</span> <span class='ocrx_word' id='word_1_28' title='bbox 958 961 970 1001; x_wconf 94' lang='lat'>.·</span> <span class='ocrx_word' id='word_1_29' title='bbox 991 929 1207 1028; x_wconf 80' lang='lat' dir='ltr'><strong>Martyrium</strong></span> <span class='ocrx_word' id='word_1_30' title='bbox 1236 930 1424 1005; x_wconf 81' lang='lat' dir='ltr'>Hananiae</span> <span class='ocrx_word' id='word_1_31' title='bbox 1448 932 1532 1005; x_wconf 89' lang='lat' dir='ltr'>laici</span> <span class='ocrx_word' id='word_1_32' title='bbox 1556 934 1693 1008; x_wconf 89' lang='lat' dir='ltr'>arbeli-</span> 
     </span>
     <span class='ocr_line' id='line_1_5' title="bbox 92 1060 210 1133; baseline -0.008 0"><span class='ocrx_word' id='word_1_33' title='bbox 92 1060 210 1133; x_wconf 83' lang='lat' dir='ltr'>tani².</span> 
     </span>
    </p>

    <p class='ocr_par' dir='ltr' id='par_1_4' title="bbox 92 1194 1690 1563">
     <span class='ocr_line' id='line_1_6' title="bbox 167 1194 1689 1300; baseline 0.007 -35"><span class='ocrx_word' id='word_1_34' title='bbox 167 1197 291 1266; x_wconf 83' lang='lat' dir='ltr'>Eodem</span> <span class='ocrx_word' id='word_1_35' title='bbox 310 1219 414 1279; x_wconf 80' lang='lat' dir='ltr'>uano,</span> <span class='ocrx_word' id='word_1_36' title='bbox 434 1200 534 1267; x_wconf 82' lang='lat' dir='ltr'>Luna</span> <span class='ocrx_word' id='word_1_37' title='bbox 550 1195 573 1266; x_wconf 89' lang='grc'>9</span> <span class='ocrx_word' id='word_1_38' title='bbox 591 1201 720 1268; x_wconf 72' lang='lat' dir='ltr'>sanun</span> <span class='ocrx_word' id='word_1_39' title='bbox 740 1199 850 1289; x_wconf 77' lang='lat' dir='ltr'>broj:</span> <span class='ocrx_word' id='word_1_40' title='bbox 872 1194 1086 1295; x_wconf 80' lang='lat' dir='ltr'><strong>Martyrium</strong></span> <span class='ocrx_word' id='word_1_41' title='bbox 1107 1196 1338 1269; x_wconf 76' lang='lat' dir='ltr'>Barba‘smin</span> <span class='ocrx_word' id='word_1_42' title='bbox 1358 1205 1508 1288; x_wconf 46' lang='lat' dir='ltr'>(cassas)</span> <span class='ocrx_word' id='word_1_43' title='bbox 1527 1199 1689 1300; x_wconf 81' lang='lat' dir='ltr'>episcopi</span> 
     </span>
     <span class='ocr_line' id='line_1_7' title="bbox 94 1327 1690 1433; baseline 0.004 -33"><span class='ocrx_word' id='word_1_44' title='bbox 94 1327 284 1400; x_wconf 82' lang='lat' dir='ltr'>Seleuciae</span> <span class='ocrx_word' id='word_1_45' title='bbox 304 1339 341 1399; x_wconf 90' lang='lat' dir='ltr'>et</span> <span class='ocrx_word' id='word_1_46' title='bbox 368 1328 619 1427; x_wconf 90' lang='lat' dir='ltr'>Ctesiphontis</span> <span class='ocrx_word' id='word_1_47' title='bbox 645 1354 727 1401; x_wconf 91' lang='lat' dir='ltr'>eum</span> <span class='ocrx_word' id='word_1_48' title='bbox 759 1328 841 1402; x_wconf 91' lang='lat' dir='ltr'>aliis</span> <span class='ocrx_word' id='word_1_49' title='bbox 869 1330 912 1401; x_wconf 93' lang='grc'>16</span> <span class='ocrx_word' id='word_1_50' title='bbox 933 1328 1168 1427; x_wconf 79' lang='lat' dir='ltr'><strong>martyribus.</strong></span> <span class='ocrx_word' id='word_1_51' title='bbox 1190 1331 1310 1403; x_wconf 81' lang='lat' dir='ltr'><strong>Causa</strong></span> <span class='ocrx_word' id='word_1_52' title='bbox 1332 1356 1340 1400; x_wconf 75' lang='grc' dir='ltr'><strong>ε</strong></span> <span class='ocrx_word' id='word_1_53' title='bbox 1365 1329 1500 1404; x_wconf 87' lang='lat' dir='ltr'>delatio</span> <span class='ocrx_word' id='word_1_54' title='bbox 1527 1333 1690 1433; x_wconf 87' lang='lat' dir='ltr'>episcopi</span> 
     </span>
     <span class='ocr_line' id='line_1_8' title="bbox 92 1460 1687 1563; baseline 0.004 -30"><span class='ocrx_word' id='word_1_55' title='bbox 92 1473 220 1559; x_wconf 90' lang='lat' dir='ltr'>utpote</span> <span class='ocrx_word' id='word_1_56' title='bbox 235 1460 395 1533; x_wconf 91' lang='lat' dir='ltr'>bominis</span> <span class='ocrx_word' id='word_1_57' title='bbox 415 1461 548 1534; x_wconf 86' lang='lat' dir='ltr'>ferocis</span> <span class='ocrx_word' id='word_1_58' title='bbox 568 1475 605 1536; x_wconf 91' lang='lat' dir='ltr'>et</span> <span class='ocrx_word' id='word_1_59' title='bbox 620 1461 712 1535; x_wconf 89' lang='lat' dir='ltr'>alios</span> <span class='ocrx_word' id='word_1_60' title='bbox 736 1462 783 1534; x_wconf 90' lang='lat' dir='ltr'>ad</span> <span class='ocrx_word' id='word_1_61' title='bbox 803 1462 1021 1535; x_wconf 84' lang='lat' dir='ltr'>seditionem</span> <span class='ocrx_word' id='word_1_62' title='bbox 1042 1474 1169 1534; x_wconf 90' lang='lat' dir='ltr'>contra</span> <span class='ocrx_word' id='word_1_63' title='bbox 1193 1463 1313 1536; x_wconf 90' lang='lat' dir='ltr'>edicta</span> <span class='ocrx_word' id='word_1_64' title='bbox 1332 1464 1435 1563; x_wconf 87' lang='lat' dir='ltr'>regia</span> <span class='ocrx_word' id='word_1_65' title='bbox 1455 1466 1687 1539; x_wconf 83' lang='lat' dir='ltr'>excitantis³.</span> 
     </span>
    </p>

    <p class='ocr_par' dir='ltr' id='par_1_5' title="bbox 94 1592 1693 1831">
     <span class='ocr_line' id='line_1_9' title="bbox 168 1592 1690 1693; baseline 0.006 -29"><span class='ocrx_word' id='word_1_66' title='bbox 168 1596 244 1666; x_wconf 94' lang='lat' dir='ltr'>lam</span> <span class='ocrx_word' id='word_1_67' title='bbox 264 1592 413 1667; x_wconf 88' lang='lat' dir='ltr'>schema</span> <span class='ocrx_word' id='word_1_68' title='bbox 426 1594 494 1666; x_wconf 91' lang='lat' dir='ltr'>boc</span> <span class='ocrx_word' id='word_1_69' title='bbox 509 1593 653 1668; x_wconf 89' lang='lat' dir='ltr'>abunde</span> <span class='ocrx_word' id='word_1_70' title='bbox 674 1594 836 1668; x_wconf 84' lang='lat' dir='ltr'>ostendit</span> <span class='ocrx_word' id='word_1_71' title='bbox 852 1594 993 1668; x_wconf 92' lang='lat' dir='ltr'>nullum</span> <span class='ocrx_word' id='word_1_72' title='bbox 1006 1595 1265 1693; x_wconf 84' lang='lat' dir='ltr'><strong>martyriorum</strong></span> <span class='ocrx_word' id='word_1_73' title='bbox 1284 1596 1414 1670; x_wconf 92' lang='lat' dir='ltr'>borum</span> <span class='ocrx_word' id='word_1_74' title='bbox 1435 1623 1517 1670; x_wconf 92' lang='lat' dir='ltr'>cum</span> <span class='ocrx_word' id='word_1_75' title='bbox 1539 1626 1556 1669; x_wconf 78' lang='lat' dir='ltr'>a</span> <span class='ocrx_word' id='word_1_76' title='bbox 1579 1601 1690 1673; x_wconf 90' lang='lat' dir='ltr'>caede</span> 
     </span>
     <span class='ocr_line' id='line_1_10' title="bbox 94 1726 1693 1831; baseline 0.004 -33"><span class='ocrx_word' id='word_1_77' title='bbox 94 1751 229 1825; x_wconf 79' lang='lat' dir='ltr'>magna</span> <span class='ocrx_word' id='word_1_78' title='bbox 251 1755 268 1796; x_wconf 76' lang='lat' dir='ltr'>a</span> <span class='ocrx_word' id='word_1_79' title='bbox 291 1726 583 1800; x_wconf 90' lang='lat' dir='ltr'>Christianorum</span> <span class='ocrx_word' id='word_1_80' title='bbox 610 1727 827 1800; x_wconf 88' lang='lat' dir='ltr'>identificari</span> <span class='ocrx_word' id='word_1_81' title='bbox 851 1752 975 1827; x_wconf 90' lang='lat' dir='ltr'>posse.</span> <span class='ocrx_word' id='word_1_82' title='bbox 1004 1727 1105 1800; x_wconf 94' lang='lat' dir='ltr'>ldem</span> <span class='ocrx_word' id='word_1_83' title='bbox 1128 1728 1309 1827; x_wconf 91' lang='lat' dir='ltr'>sequitur,</span> <span class='ocrx_word' id='word_1_84' title='bbox 1336 1729 1368 1801; x_wconf 91' lang='lat' dir='ltr'>si</span> <span class='ocrx_word' id='word_1_85' title='bbox 1391 1729 1471 1829; x_wconf 92' lang='lat' dir='ltr'>ipsa</span> <span class='ocrx_word' id='word_1_86' title='bbox 1495 1732 1693 1831; x_wconf 84' lang='lat' dir='ltr'>Aphraatis</span> 
     </span>
    </p>
   </div>
   <div class='ocr_carea' id='block_1_3' title="bbox 93 1860 1691 2095">
    <p class='ocr_par' dir='ltr' id='par_1_6' title="bbox 93 1860 1691 2095">
     <span class='ocr_line' id='line_1_11' title="bbox 94 1860 1691 1965; baseline 0.004 -33"><span class='ocrx_word' id='word_1_87' title='bbox 94 1860 231 1958; x_wconf 88' lang='lat' dir='ltr'>scripta</span> <span class='ocrx_word' id='word_1_88' title='bbox 248 1860 513 1933; x_wconf 81' lang='lat' dir='ltr'>examinentur.</span> <span class='ocrx_word' id='word_1_89' title='bbox 535 1861 674 1933; x_wconf 91' lang='lat' dir='ltr'>Summi</span> <span class='ocrx_word' id='word_1_90' title='bbox 695 1873 816 1933; x_wconf 91' lang='lat' dir='ltr'>autem</span> <span class='ocrx_word' id='word_1_91' title='bbox 835 1886 955 1959; x_wconf 93' lang='lat' dir='ltr'>prore</span> <span class='ocrx_word' id='word_1_92' title='bbox 974 1872 1100 1934; x_wconf 90' lang='lat' dir='ltr'>nostra</span> <span class='ocrx_word' id='word_1_93' title='bbox 1121 1861 1296 1935; x_wconf 91' lang='lat' dir='ltr'>momenti</span> <span class='ocrx_word' id='word_1_94' title='bbox 1312 1874 1368 1936; x_wconf 90' lang='lat' dir='ltr'>est</span> <span class='ocrx_word' id='word_1_95' title='bbox 1385 1865 1490 1937; x_wconf 91' lang='lat' dir='ltr'>Dem.</span> <span class='ocrx_word' id='word_1_96' title='bbox 1507 1891 1569 1937; x_wconf 85' lang='lat' dir='ltr'>xrv</span> <span class='ocrx_word' id='word_1_97' title='bbox 1584 1891 1691 1965; x_wconf 88' lang='lat' dir='ltr'>quae,</span> 
     </span>
     <span class='ocr_line' id='line_1_12' title="bbox 93 1980 1690 2095; baseline 0.004 -30"><span class='ocrx_word' id='word_1_98' title='bbox 93 2007 134 2065; x_wconf 91' lang='lat' dir='ltr'>ut</span> <span class='ocrx_word' id='word_1_99' title='bbox 149 1992 346 2091; x_wconf 83' lang='lat' dir='ltr'>suscriptio</span> <span class='ocrx_word' id='word_1_100' title='bbox 358 2005 528 2078; x_wconf 85' lang='lat' dir='ltr'>testatur,</span> <span class='ocrx_word' id='word_1_101' title='bbox 550 1995 594 2065; x_wconf 99' lang='grc'>14</span> <span class='ocrx_word' id='word_1_102' title='bbox 610 1980 723 2068; x_wconf 85' lang='lat' dir='ltr'>Sabat</span> <span class='ocrx_word' id='word_1_103' title='bbox 737 1994 823 2066; x_wconf 91' lang='lat' dir='ltr'>anni</span> <span class='ocrx_word' id='word_1_104' title='bbox 835 1994 905 2066; x_wconf 90' lang='grc'>655</span> <span class='ocrx_word' id='word_1_105' title='bbox 921 1993 1121 2067; x_wconf 85' lang='lat' dir='ltr'>Alexandri</span> <span class='ocrx_word' id='word_1_106' title='bbox 1132 2007 1169 2068; x_wconf 90' lang='lat' dir='ltr'>et</span> <span class='ocrx_word' id='word_1_107' title='bbox 1184 1995 1230 2066; x_wconf 85' lang='grc'>35</span> <span class='ocrx_word' id='word_1_108' title='bbox 1245 1995 1395 2094; x_wconf 90' lang='lat' dir='ltr'>Saporis</span> <span class='ocrx_word' id='word_1_109' title='bbox 1407 1998 1609 2095; x_wconf 89' lang='lat' dir='ltr'>composita</span> <span class='ocrx_word' id='word_1_110' title='bbox 1621 2013 1690 2072; x_wconf 87' lang='lat' dir='ltr'>est.</span> 
     </span>
    </p>
   </div>
   <div class='ocr_carea' id='block_1_4' title="bbox 94 2126 1695 4356">
    <p class='ocr_par' dir='ltr' id='par_1_7' title="bbox 94 2126 1694 3956">
     <span class='ocr_line' id='line_1_13' title="bbox 169 2126 1692 2230; baseline 0.005 -31"><span class='ocrx_word' id='word_1_111' title='bbox 169 2128 236 2199; x_wconf 83' lang='lat' dir='ltr'>Est</span> <span class='ocrx_word' id='word_1_112' title='bbox 256 2139 377 2199; x_wconf 89' lang='lat' dir='ltr'>autem</span> <span class='ocrx_word' id='word_1_113' title='bbox 401 2126 649 2199; x_wconf 87' lang='lat' dir='ltr'>exhortatoria</span> <span class='ocrx_word' id='word_1_114' title='bbox 668 2126 759 2200; x_wconf 88' lang='lat' dir='ltr'>baec</span> <span class='ocrx_word' id='word_1_115' title='bbox 780 2126 1053 2200; x_wconf 89' lang='lat' dir='ltr'>Demonstratio</span> <span class='ocrx_word' id='word_1_116' title='bbox 1073 2127 1179 2226; x_wconf 90' lang='lat' dir='ltr'>quasi</span> <span class='ocrx_word' id='word_1_117' title='bbox 1202 2128 1389 2228; x_wconf 89' lang='lat' dir='ltr'>encyclica</span> <span class='ocrx_word' id='word_1_118' title='bbox 1409 2129 1564 2228; x_wconf 89' lang='lat' dir='ltr'>epistola</span> <span class='ocrx_word' id='word_1_119' title='bbox 1583 2157 1692 2230; x_wconf 87' lang='lat' dir='ltr'>quae·</span> 
     </span>
     <span class='ocr_line' id='line_1_14' title="bbox 94 2258 1692 2362; baseline 0.004 -30"><span class='ocrx_word' id='word_1_120' title='bbox 94 2259 193 2345; x_wconf 88' lang='lat' dir='ltr'>dam,</span> <span class='ocrx_word' id='word_1_121' title='bbox 215 2259 362 2332; x_wconf 90' lang='lat' dir='ltr'>nomine</span> <span class='ocrx_word' id='word_1_122' title='bbox 380 2258 648 2359; x_wconf 89' lang='lat' dir='ltr'>episcoporum,</span> <span class='ocrx_word' id='word_1_123' title='bbox 669 2259 724 2331; x_wconf 94' lang='lat' dir='ltr'>uti</span> <span class='ocrx_word' id='word_1_124' title='bbox 742 2258 900 2346; x_wconf 88' lang='lat' dir='ltr'>videtur,</span> <span class='ocrx_word' id='word_1_125' title='bbox 923 2259 960 2332; x_wconf 93' lang='lat' dir='ltr'>in</span> <span class='ocrx_word' id='word_1_126' title='bbox 979 2272 1084 2359; x_wconf 90' lang='lat' dir='ltr'>parte</span> <span class='ocrx_word' id='word_1_127' title='bbox 1108 2260 1384 2359; x_wconf 90' lang='lat' dir='ltr'>septentrionali</span> <span class='ocrx_word' id='word_1_128' title='bbox 1405 2261 1692 2362; x_wconf 87' lang='lat' dir='ltr'>Mesopotamiae</span> 
     </span>
     <span class='ocr_line' id='line_1_15' title="bbox 94 2391 1691 2495; baseline 0.003 -31"><span class='ocrx_word' id='word_1_129' title='bbox 94 2405 405 2491; x_wconf 84' lang='lat' dir='ltr'>congregatorum</span> <span class='ocrx_word' id='word_1_130' title='bbox 421 2391 467 2465; x_wconf 93' lang='lat' dir='ltr'>ad</span> <span class='ocrx_word' id='word_1_131' title='bbox 478 2392 684 2491; x_wconf 90' lang='lat' dir='ltr'>episcopos,</span> <span class='ocrx_word' id='word_1_132' title='bbox 697 2393 848 2478; x_wconf 88' lang='lat' dir='ltr'>clerum,</span> <span class='ocrx_word' id='word_1_133' title='bbox 866 2392 1066 2491; x_wconf 88' lang='lat' dir='ltr'>fidelesque</span> <span class='ocrx_word' id='word_1_134' title='bbox 1086 2393 1275 2468; x_wconf 87' lang='lat' dir='ltr'>Seleuciae</span> <span class='ocrx_word' id='word_1_135' title='bbox 1288 2394 1515 2495; x_wconf 87' lang='lat' dir='ltr'>aliorumque</span> <span class='ocrx_word' id='word_1_136' title='bbox 1528 2395 1691 2471; x_wconf 93' lang='lat' dir='ltr'>locorum</span> 
     </span>
     <span class='ocr_line' id='line_1_16' title="bbox 94 2524 1692 2626; baseline 0.005 -30"><span class='ocrx_word' id='word_1_137' title='bbox 94 2524 222 2597; x_wconf 90' lang='lat' dir='ltr'>missa.</span> <span class='ocrx_word' id='word_1_138' title='bbox 241 2525 280 2598; x_wconf 92' lang='lat' dir='ltr'>Si</span> <span class='ocrx_word' id='word_1_139' title='bbox 297 2539 419 2599; x_wconf 89' lang='lat' dir='ltr'>autem</span> <span class='ocrx_word' id='word_1_140' title='bbox 436 2551 564 2599; x_wconf 87' lang='lat' dir='ltr'>verum</span> <span class='ocrx_word' id='word_1_141' title='bbox 584 2537 641 2598; x_wconf 91' lang='lat' dir='ltr'>est</span> <span class='ocrx_word' id='word_1_142' title='bbox 658 2526 927 2624; x_wconf 89' lang='lat' dir='ltr'>persecutionis</span> <span class='ocrx_word' id='word_1_143' title='bbox 946 2527 1092 2599; x_wconf 85' lang='lat' dir='ltr'>initium</span> <span class='ocrx_word' id='word_1_144' title='bbox 1112 2539 1149 2599; x_wconf 92' lang='lat' dir='ltr'>et</span> <span class='ocrx_word' id='word_1_145' title='bbox 1165 2526 1347 2601; x_wconf 89' lang='lat' dir='ltr'>Simeonis</span> <span class='ocrx_word' id='word_1_146' title='bbox 1362 2528 1576 2626; x_wconf 91' lang='lat' dir='ltr'>martyrium</span> <span class='ocrx_word' id='word_1_147' title='bbox 1596 2555 1692 2604; x_wconf 89' lang='lat' dir='ltr'>anno</span> 
     </span>
     <span class='ocr_line' id='line_1_17' title="bbox 94 2658 1692 2758; baseline 0.004 -28"><span class='ocrx_word' id='word_1_148' title='bbox 94 2660 139 2730; x_wconf 84' lang='grc'>31</span> <span class='ocrx_word' id='word_1_149' title='bbox 169 2658 333 2757; x_wconf 82' lang='lat' dir='ltr'>Saporis,</span> <span class='ocrx_word' id='word_1_150' title='bbox 357 2685 422 2732; x_wconf 89' lang='lat' dir='ltr'>seu</span> <span class='ocrx_word' id='word_1_151' title='bbox 452 2685 547 2732; x_wconf 91' lang='lat' dir='ltr'>anno</span> <span class='ocrx_word' id='word_1_152' title='bbox 582 2660 650 2731; x_wconf 86' lang='grc'>341</span> <span class='ocrx_word' id='word_1_153' title='bbox 681 2659 863 2745; x_wconf 86' lang='lat' dir='ltr'>evenisse,</span> <span class='ocrx_word' id='word_1_154' title='bbox 892 2659 1102 2758; x_wconf 79' lang='lat' dir='ltr'>Apbraates</span> <span class='ocrx_word' id='word_1_155' title='bbox 1128 2660 1487 2734; x_wconf 88' lang='lat' dir='ltr'>Demonstrationem</span> <span class='ocrx_word' id='word_1_156' title='bbox 1511 2689 1573 2734; x_wconf 83' lang='lat' dir='ltr'>xrv</span> <span class='ocrx_word' id='word_1_157' title='bbox 1596 2689 1692 2737; x_wconf 92' lang='lat' dir='ltr'>anno</span> 
     </span>
     <span class='ocr_line' id='line_1_18' title="bbox 94 2792 1694 2892; baseline 0.004 -28"><span class='ocrx_word' id='word_1_158' title='bbox 94 2804 226 2889; x_wconf 88' lang='lat' dir='ltr'>quarto</span> <span class='ocrx_word' id='word_1_159' title='bbox 249 2804 334 2890; x_wconf 93' lang='lat' dir='ltr'>post</span> <span class='ocrx_word' id='word_1_160' title='bbox 355 2793 570 2892; x_wconf 91' lang='lat' dir='ltr'>martyrium</span> <span class='ocrx_word' id='word_1_161' title='bbox 597 2792 778 2866; x_wconf 89' lang='lat' dir='ltr'>Simeonis</span> <span class='ocrx_word' id='word_1_162' title='bbox 804 2792 1098 2892; x_wconf 88' lang='lat' dir='ltr'>conscripsisset,</span> <span class='ocrx_word' id='word_1_163' title='bbox 1125 2792 1179 2866; x_wconf 92' lang='lat' dir='ltr'>uti</span> <span class='ocrx_word' id='word_1_164' title='bbox 1199 2793 1268 2865; x_wconf 96' lang='lat' dir='ltr'>boc</span> <span class='ocrx_word' id='word_1_165' title='bbox 1289 2818 1309 2866; x_wconf 95' lang='lat' dir='ltr'>e</span> <span class='ocrx_word' id='word_1_166' title='bbox 1329 2795 1600 2892; x_wconf 86' lang='lat' dir='ltr'>computatione</span> <span class='ocrx_word' id='word_1_167' title='bbox 1620 2798 1694 2870; x_wconf 79' lang='lat' dir='ltr'>As-</span> 
     </span>
     <span class='ocr_line' id='line_1_19' title="bbox 95 2925 1693 3029; baseline 0.003 -31"><span class='ocrx_word' id='word_1_168' title='bbox 95 2925 236 2998; x_wconf 89' lang='lat' dir='ltr'>semani</span> <span class='ocrx_word' id='word_1_169' title='bbox 254 2925 547 3000; x_wconf 90' lang='lat' dir='ltr'>concludendum</span> <span class='ocrx_word' id='word_1_170' title='bbox 562 2940 635 3013; x_wconf 82' lang='lat' dir='ltr'>est3</span> <span class='ocrx_word' id='word_1_171' title='bbox 656 2926 734 2999; x_wconf 89' lang='lat' dir='ltr'>iure</span> <span class='ocrx_word' id='word_1_172' title='bbox 750 2926 863 3025; x_wconf 84' lang='lat' dir='ltr'>igitur</span> <span class='ocrx_word' id='word_1_173' title='bbox 879 2940 916 3000; x_wconf 89' lang='lat' dir='ltr'>et</span> <span class='ocrx_word' id='word_1_174' title='bbox 934 2927 1064 2999; x_wconf 85' lang='lat' dir='ltr'>merito</span> <span class='ocrx_word' id='word_1_175' title='bbox 1084 2926 1220 2999; x_wconf 89' lang='lat' dir='ltr'>ibidem</span> <span class='ocrx_word' id='word_1_176' title='bbox 1242 2926 1532 3025; x_wconf 89' lang='lat' dir='ltr'>expectabuntur</span> <span class='ocrx_word' id='word_1_177' title='bbox 1551 2929 1693 3029; x_wconf 88' lang='lat' dir='ltr'>aliquae</span> 
     </span>
     <span class='ocr_line' id='line_1_20' title="bbox 95 3058 1694 3162; baseline 0.003 -32"><span class='ocrx_word' id='word_1_178' title='bbox 95 3058 226 3131; x_wconf 89' lang='lat' dir='ltr'>saltem</span> <span class='ocrx_word' id='word_1_179' title='bbox 246 3058 445 3132; x_wconf 89' lang='lat' dir='ltr'>allusiones</span> <span class='ocrx_word' id='word_1_180' title='bbox 461 3061 508 3133; x_wconf 91' lang='lat' dir='ltr'>ad</span> <span class='ocrx_word' id='word_1_181' title='bbox 522 3071 676 3133; x_wconf 88' lang='lat' dir='ltr'>eventus</span> <span class='ocrx_word' id='word_1_182' title='bbox 691 3059 979 3144; x_wconf 86' lang='lat' dir='ltr'>funestissimos,</span> <span class='ocrx_word' id='word_1_183' title='bbox 999 3060 1060 3158; x_wconf 92' lang='lat' dir='ltr'>qui</span> <span class='ocrx_word' id='word_1_184' title='bbox 1077 3059 1268 3134; x_wconf 87' lang='lat' dir='ltr'>Seleuciae</span> <span class='ocrx_word' id='word_1_185' title='bbox 1284 3073 1495 3147; x_wconf 85' lang='lat' dir='ltr'>evenerunt,</span> <span class='ocrx_word' id='word_1_186' title='bbox 1516 3087 1559 3135; x_wconf 92' lang='lat' dir='ltr'>eo</span> <span class='ocrx_word' id='word_1_187' title='bbox 1575 3064 1694 3162; x_wconf 84' lang='lat' dir='ltr'>magis</span> 
     </span>
     <span class='ocr_line' id='line_1_21' title="bbox 95 3191 1689 3292; baseline 0.003 -28"><span class='ocrx_word' id='word_1_188' title='bbox 95 3191 193 3290; x_wconf 95' lang='lat' dir='ltr'>quod</span> <span class='ocrx_word' id='word_1_189' title='bbox 226 3191 382 3290; x_wconf 93' lang='lat' dir='ltr'>epistola</span> <span class='ocrx_word' id='word_1_190' title='bbox 416 3192 615 3290; x_wconf 81' lang='lat' dir='ltr'>Aphraatis</span> <span class='ocrx_word' id='word_1_191' title='bbox 647 3193 693 3265; x_wconf 91' lang='lat' dir='ltr'>ad</span> <span class='ocrx_word' id='word_1_192' title='bbox 717 3192 947 3265; x_wconf 89' lang='lat' dir='ltr'>Christianos</span> <span class='ocrx_word' id='word_1_193' title='bbox 978 3192 1165 3266; x_wconf 85' lang='lat' dir='ltr'>Seleuciae</span> <span class='ocrx_word' id='word_1_194' title='bbox 1199 3194 1380 3292; x_wconf 84' lang='lat' dir='ltr'>degentes</span> <span class='ocrx_word' id='word_1_195' title='bbox 1405 3193 1544 3267; x_wconf 90' lang='lat' dir='ltr'>directa</span> <span class='ocrx_word' id='word_1_196' title='bbox 1567 3195 1689 3268; x_wconf 90' lang='lat' dir='ltr'>fuerit.</span> 
     </span>
     <span class='ocr_line' id='line_1_22' title="bbox 96 3324 1693 3424; baseline 0.003 -27"><span class='ocrx_word' id='word_1_197' title='bbox 96 3324 197 3397; x_wconf 94' lang='lat' dir='ltr'>Nibil</span> <span class='ocrx_word' id='word_1_198' title='bbox 223 3337 346 3397; x_wconf 89' lang='lat' dir='ltr'>tamen</span> <span class='ocrx_word' id='word_1_199' title='bbox 370 3325 500 3397; x_wconf 93' lang='lat' dir='ltr'>borum</span> <span class='ocrx_word' id='word_1_200' title='bbox 528 3324 565 3397; x_wconf 93' lang='lat' dir='ltr'>in</span> <span class='ocrx_word' id='word_1_201' title='bbox 587 3325 656 3397; x_wconf 91' lang='lat' dir='ltr'>hac</span> <span class='ocrx_word' id='word_1_202' title='bbox 682 3325 838 3424; x_wconf 90' lang='lat' dir='ltr'>epistola</span> <span class='ocrx_word' id='word_1_203' title='bbox 860 3326 1056 3399; x_wconf 89' lang='lat' dir='ltr'>invenitur.</span> <span class='ocrx_word' id='word_1_204' title='bbox 1087 3329 1208 3399; x_wconf 89' lang='lat' dir='ltr'>Tenor</span> <span class='ocrx_word' id='word_1_205' title='bbox 1235 3325 1399 3399; x_wconf 91' lang='lat' dir='ltr'>eiusdem</span> <span class='ocrx_word' id='word_1_206' title='bbox 1429 3330 1693 3402; x_wconf 90' lang='lat' dir='ltr'>commonentis</span> 
     </span>
     <span class='ocr_line' id='line_1_23' title="bbox 96 3457 1693 3557; baseline 0.003 -27"><span class='ocrx_word' id='word_1_207' title='bbox 96 3471 165 3544; x_wconf 89' lang='lat' dir='ltr'>est,</span> <span class='ocrx_word' id='word_1_208' title='bbox 195 3458 296 3531; x_wconf 88' lang='lat' dir='ltr'>velut</span> <span class='ocrx_word' id='word_1_209' title='bbox 322 3470 406 3531; x_wconf 90' lang='lat' dir='ltr'>ante</span> <span class='ocrx_word' id='word_1_210' title='bbox 426 3457 689 3545; x_wconf 86' lang='lat' dir='ltr'>calamitatem,</span> <span class='ocrx_word' id='word_1_211' title='bbox 719 3459 822 3532; x_wconf 90' lang='lat' dir='ltr'>cuius</span> <span class='ocrx_word' id='word_1_212' title='bbox 846 3471 948 3532; x_wconf 92' lang='lat' dir='ltr'>ortus</span> <span class='ocrx_word' id='word_1_213' title='bbox 975 3472 1201 3557; x_wconf 81' lang='lat' dir='ltr'>expectatur.</span> <span class='ocrx_word' id='word_1_214' title='bbox 1231 3458 1394 3532; x_wconf 78' lang='lat' dir='ltr'>Ambitio</span> <span class='ocrx_word' id='word_1_215' title='bbox 1433 3472 1469 3532; x_wconf 90' lang='lat' dir='ltr'>et</span> <span class='ocrx_word' id='word_1_216' title='bbox 1497 3461 1693 3534; x_wconf 88' lang='lat' dir='ltr'>aemulatio</span> 
     </span>
     <span class='ocr_line' id='line_1_24' title="bbox 94 3591 1694 3692; baseline 0.003 -29"><span class='ocrx_word' id='word_1_217' title='bbox 94 3604 285 3690; x_wconf 90' lang='lat' dir='ltr'>pastorum</span> <span class='ocrx_word' id='word_1_218' title='bbox 298 3591 627 3690; x_wconf 91' lang='lat' dir='ltr'>reprehenduntur,</span> <span class='ocrx_word' id='word_1_219' title='bbox 640 3616 734 3690; x_wconf 91' lang='lat' dir='ltr'>quae</span> <span class='ocrx_word' id='word_1_220' title='bbox 746 3591 806 3664; x_wconf 88' lang='lat' dir='ltr'>vix</span> <span class='ocrx_word' id='word_1_221' title='bbox 819 3591 1016 3691; x_wconf 91' lang='lat' dir='ltr'>possibiles</span> <span class='ocrx_word' id='word_1_222' title='bbox 1036 3604 1160 3666; x_wconf 90' lang='lat' dir='ltr'>essent</span> <span class='ocrx_word' id='word_1_223' title='bbox 1179 3618 1222 3665; x_wconf 91' lang='lat' dir='ltr'>eo</span> <span class='ocrx_word' id='word_1_224' title='bbox 1240 3604 1405 3692; x_wconf 89' lang='lat' dir='ltr'>tempore</span> <span class='ocrx_word' id='word_1_225' title='bbox 1426 3618 1497 3692; x_wconf 93' lang='lat' dir='ltr'>quo</span> <span class='ocrx_word' id='word_1_226' title='bbox 1517 3593 1694 3692; x_wconf 89' lang='lat' dir='ltr'>epistolae</span> 
     </span>
     <span class='ocr_line' id='line_1_25' title="bbox 96 3724 1694 3826; baseline 0.003 -30"><span class='ocrx_word' id='word_1_227' title='bbox 96 3724 313 3823; x_wconf 87' lang='lat' dir='ltr'>compositio</span> <span class='ocrx_word' id='word_1_228' title='bbox 333 3751 378 3798; x_wconf 84' lang='lat' dir='ltr'>ex</span> <span class='ocrx_word' id='word_1_229' title='bbox 396 3738 517 3799; x_wconf 89' lang='lat' dir='ltr'>mente</span> <span class='ocrx_word' id='word_1_230' title='bbox 541 3724 735 3797; x_wconf 85' lang='lat' dir='ltr'>Assemani</span> <span class='ocrx_word' id='word_1_231' title='bbox 759 3724 999 3824; x_wconf 89' lang='lat' dir='ltr'>supponenda</span> <span class='ocrx_word' id='word_1_232' title='bbox 1019 3737 1130 3814; x_wconf 90' lang='lat' dir='ltr'>esset,</span> <span class='ocrx_word' id='word_1_233' title='bbox 1151 3725 1303 3798; x_wconf 90' lang='lat' dir='ltr'>ambitio</span> <span class='ocrx_word' id='word_1_234' title='bbox 1324 3724 1421 3798; x_wconf 90' lang='lat' dir='ltr'>enim</span> <span class='ocrx_word' id='word_1_235' title='bbox 1441 3739 1608 3824; x_wconf 91' lang='lat' dir='ltr'>tempora</span> <span class='ocrx_word' id='word_1_236' title='bbox 1627 3754 1694 3826; x_wconf 89' lang='lat' dir='ltr'>pa-</span> 
     </span>
     <span class='ocr_line' id='line_1_26' title="bbox 96 3857 409 3956; baseline 0 -27"><span class='ocrx_word' id='word_1_237' title='bbox 96 3857 200 3931; x_wconf 87' lang='lat' dir='ltr'>cilica</span> <span class='ocrx_word' id='word_1_238' title='bbox 220 3857 409 3956; x_wconf 83' lang='lat' dir='ltr'>supponit.</span> 
     </span>
    </p>

    <p class='ocr_par' dir='ltr' id='par_1_8' title="bbox 96 3989 1695 4356">
     <span class='ocr_line' id='line_1_27' title="bbox 169 3989 1694 4091; baseline 0.001 -27"><span class='ocrx_word' id='word_1_239' title='bbox 169 3993 296 4089; x_wconf 91' lang='lat' dir='ltr'>Neque</span> <span class='ocrx_word' id='word_1_240' title='bbox 321 3990 357 4063; x_wconf 93' lang='lat' dir='ltr'>in</span> <span class='ocrx_word' id='word_1_241' title='bbox 377 3991 537 4065; x_wconf 89' lang='lat' dir='ltr'>homiliis</span> <span class='ocrx_word' id='word_1_242' title='bbox 557 3991 704 4091; x_wconf 91' lang='lat' dir='ltr'>quidem</span> <span class='ocrx_word' id='word_1_243' title='bbox 728 3990 1039 4089; x_wconf 90' lang='lat' dir='ltr'>subsequentibus</span> <span class='ocrx_word' id='word_1_244' title='bbox 1066 3990 1190 4089; x_wconf 83' lang='lat' dir='ltr'>agitur</span> <span class='ocrx_word' id='word_1_245' title='bbox 1214 3989 1333 4063; x_wconf 90' lang='lat' dir='ltr'>adbuc</span> <span class='ocrx_word' id='word_1_246' title='bbox 1366 3992 1410 4064; x_wconf 91' lang='lat' dir='ltr'>de</span> <span class='ocrx_word' id='word_1_247' title='bbox 1438 3992 1694 4090; x_wconf 85' lang='lat' dir='ltr'>persecutione</span> 
     </span>
     <span class='ocr_line' id='line_1_28' title="bbox 96 4123 1694 4224; baseline 0.001 -28"><span class='ocrx_word' id='word_1_248' title='bbox 96 4123 401 4209; x_wconf 88' lang='lat' dir='ltr'>Christianorum,</span> <span class='ocrx_word' id='word_1_249' title='bbox 416 4123 485 4196; x_wconf 90' lang='lat' dir='ltr'>bac</span> <span class='ocrx_word' id='word_1_250' title='bbox 497 4124 541 4199; x_wconf 91' lang='lat' dir='ltr'>de</span> <span class='ocrx_word' id='word_1_251' title='bbox 556 4150 595 4199; x_wconf 88' lang='lat' dir='ltr'>rc</span> <span class='ocrx_word' id='word_1_252' title='bbox 605 4125 811 4224; x_wconf 81' lang='lat' dir='ltr'>Apbraates</span> <span class='ocrx_word' id='word_1_253' title='bbox 822 4124 968 4197; x_wconf 92' lang='lat' dir='ltr'>demum</span> <span class='ocrx_word' id='word_1_254' title='bbox 979 4127 1084 4197; x_wconf 88' lang='lat' dir='ltr'>Dem.</span> <span class='ocrx_word' id='word_1_255' title='bbox 1102 4150 1160 4195; x_wconf 85' lang='lat' dir='ltr'>xxr</span> <span class='ocrx_word' id='word_1_256' title='bbox 1177 4148 1289 4223; x_wconf 84' lang='lat' dir='ltr'>agere</span> <span class='ocrx_word' id='word_1_257' title='bbox 1304 4123 1444 4223; x_wconf 89' lang='lat' dir='ltr'>incipit,</span> <span class='ocrx_word' id='word_1_258' title='bbox 1457 4124 1521 4197; x_wconf 93' lang='lat' dir='ltr'>ubi</span> <span class='ocrx_word' id='word_1_259' title='bbox 1536 4125 1694 4198; x_wconf 88' lang='lat' dir='ltr'>obiectio</span> 
     </span>
     <span class='ocr_line' id='line_1_29' title="bbox 97 4256 1695 4356; baseline 0.001 -28"><span class='ocrx_word' id='word_1_260' title='bbox 97 4256 223 4330; x_wconf 90' lang='lat' dir='ltr'>ludaei</span> <span class='ocrx_word' id='word_1_261' title='bbox 242 4257 431 4329; x_wconf 88' lang='lat' dir='ltr'>cuiusdam</span> <span class='ocrx_word' id='word_1_262' title='bbox 445 4261 610 4352; x_wconf 82' lang='lat' dir='ltr'>sapientis</span> <span class='ocrx_word' id='word_1_263' title='bbox 630 4258 821 4341; x_wconf 87' lang='lat' dir='ltr'>refutatur,</span> <span class='ocrx_word' id='word_1_264' title='bbox 845 4283 909 4329; x_wconf 90' lang='lat' dir='ltr'>cur</span> <span class='ocrx_word' id='word_1_265' title='bbox 928 4256 1069 4329; x_wconf 89' lang='lat' dir='ltr'>scilicet</span> <span class='ocrx_word' id='word_1_266' title='bbox 1093 4256 1277 4341; x_wconf 90' lang='lat' dir='ltr'>Christus,</span> <span class='ocrx_word' id='word_1_267' title='bbox 1299 4256 1331 4329; x_wconf 95' lang='lat' dir='ltr'>si</span> <span class='ocrx_word' id='word_1_268' title='bbox 1351 4259 1451 4330; x_wconf 90' lang='lat' dir='ltr'>Deus</span> <span class='ocrx_word' id='word_1_269' title='bbox 1466 4257 1528 4343; x_wconf 89' lang='lat' dir='ltr'>sit,</span> <span class='ocrx_word' id='word_1_270' title='bbox 1551 4257 1695 4356; x_wconf 88' lang='lat' dir='ltr'>plebem</span> 
     </span>
    </p>
   </div>
   <div class='ocr_carea' id='block_1_5' title="bbox 97 4389 1694 4613">
    <p class='ocr_par' dir='ltr' id='par_1_9' title="bbox 97 4389 1694 4613">
     <span class='ocr_line' id='line_1_30' title="bbox 97 4389 1694 4488; baseline 0.001 -27"><span class='ocrx_word' id='word_1_271' title='bbox 97 4415 201 4462; x_wconf 89' lang='lat' dir='ltr'>suam</span> <span class='ocrx_word' id='word_1_272' title='bbox 217 4389 331 4488; x_wconf 82' lang='lat' dir='ltr'>affligi</span> <span class='ocrx_word' id='word_1_273' title='bbox 352 4401 388 4463; x_wconf 91' lang='lat' dir='ltr'>et</span> <span class='ocrx_word' id='word_1_274' title='bbox 405 4391 529 4463; x_wconf 85' lang='lat' dir='ltr'>vexari</span> <span class='ocrx_word' id='word_1_275' title='bbox 546 4391 654 4463; x_wconf 88' lang='lat' dir='ltr'>sinat.</span> <span class='ocrx_word' id='word_1_276' title='bbox 678 4393 782 4463; x_wconf 90' lang='lat' dir='ltr'>Dem.</span> <span class='ocrx_word' id='word_1_277' title='bbox 804 4417 879 4462; x_wconf 84' lang='lat' dir='ltr'>xxu</span> <span class='ocrx_word' id='word_1_278' title='bbox 899 4390 944 4462; x_wconf 90' lang='lat' dir='ltr'>de</span> <span class='ocrx_word' id='word_1_279' title='bbox 964 4389 1174 4463; x_wconf 86' lang='lat' dir='ltr'>novissimis</span> <span class='ocrx_word' id='word_1_280' title='bbox 1195 4401 1358 4463; x_wconf 87' lang='lat' dir='ltr'>tractans</span> <span class='ocrx_word' id='word_1_281' title='bbox 1377 4389 1534 4464; x_wconf 92' lang='lat' dir='ltr'>eundem</span> <span class='ocrx_word' id='word_1_282' title='bbox 1550 4391 1694 4463; x_wconf 90' lang='lat' dir='ltr'>tristem</span> 
     </span>
     <span class='ocr_line' id='line_1_31' title="bbox 99 4513 1694 4613; baseline 0.002 -28"><span class='ocrx_word' id='word_1_283' title='bbox 99 4514 238 4587; x_wconf 87' lang='lat' dir='ltr'>redolet</span> <span class='ocrx_word' id='word_1_284' title='bbox 255 4526 433 4600; x_wconf 88' lang='lat' dir='ltr'>tenorem,</span> <span class='ocrx_word' id='word_1_285' title='bbox 456 4515 517 4613; x_wconf 92' lang='lat' dir='ltr'>qui</span> <span class='ocrx_word' id='word_1_286' title='bbox 541 4515 580 4587; x_wconf 89' lang='lat' dir='ltr'>in</span> <span class='ocrx_word' id='word_1_287' title='bbox 603 4518 706 4588; x_wconf 89' lang='lat' dir='ltr'>Dem.</span> <span class='ocrx_word' id='word_1_288' title='bbox 725 4542 814 4586; x_wconf 85' lang='lat' dir='ltr'>xxrn</span> <span class='ocrx_word' id='word_1_289' title='bbox 836 4543 854 4585; x_wconf 75' lang='lat' dir='ltr'>a</span> <span class='ocrx_word' id='word_1_290' title='bbox 876 4517 930 4588; x_wconf 89' lang='lat' dir='ltr'>De</span> <span class='ocrx_word' id='word_1_291' title='bbox 954 4515 1071 4587; x_wconf 85' lang='lat' dir='ltr'>Aeino</span> <span class='ocrx_word' id='word_1_292' title='bbox 1095 4514 1168 4586; x_wconf 78' lang='lat' dir='ltr'>»in</span> <span class='ocrx_word' id='word_1_293' title='bbox 1192 4513 1353 4586; x_wconf 89' lang='lat' dir='ltr'>lamenta</span> <span class='ocrx_word' id='word_1_294' title='bbox 1372 4515 1543 4612; x_wconf 85' lang='lat' dir='ltr'>erumpit,</span> <span class='ocrx_word' id='word_1_295' title='bbox 1561 4515 1694 4613; x_wconf 93' lang='lat' dir='ltr'>quibus</span> 
     </span>
    </p>
   </div>
   <div class='ocr_carea' id='block_1_6' title="bbox 97 4646 1697 5255">
    <p class='ocr_par' dir='ltr' id='par_1_10' title="bbox 97 4646 1697 5255">
     <span class='ocr_line' id='line_1_32' title="bbox 97 4646 1695 4748; baseline 0.002 -29"><span class='ocrx_word' id='word_1_296' title='bbox 97 4647 303 4746; x_wconf 85' lang='lat' dir='ltr'>Apbraates</span> <span class='ocrx_word' id='word_1_297' title='bbox 322 4648 472 4721; x_wconf 90' lang='lat' dir='ltr'>caedem</span> <span class='ocrx_word' id='word_1_298' title='bbox 491 4648 653 4721; x_wconf 86' lang='lat' dir='ltr'>fidelium</span> <span class='ocrx_word' id='word_1_299' title='bbox 673 4662 709 4722; x_wconf 88' lang='lat' dir='ltr'>et</span> <span class='ocrx_word' id='word_1_300' title='bbox 720 4648 947 4722; x_wconf 89' lang='lat' dir='ltr'>eversionem</span> <span class='ocrx_word' id='word_1_301' title='bbox 963 4646 1202 4721; x_wconf 87' lang='lat' dir='ltr'>ecclesiarum</span> <span class='ocrx_word' id='word_1_302' title='bbox 1221 4672 1344 4720; x_wconf 89' lang='lat' dir='ltr'>amare</span> <span class='ocrx_word' id='word_1_303' title='bbox 1363 4647 1480 4747; x_wconf 86' lang='lat' dir='ltr'>luget.</span> <span class='ocrx_word' id='word_1_304' title='bbox 1502 4649 1695 4748; x_wconf 86' lang='lat' dir='ltr'>Temporis</span> 
     </span>
     <span class='ocr_line' id='line_1_33' title="bbox 99 4778 1695 4879; baseline 0.001 -28"><span class='ocrx_word' id='word_1_305' title='bbox 99 4803 242 4878; x_wconf 91' lang='lat' dir='ltr'>quoque</span> <span class='ocrx_word' id='word_1_306' title='bbox 272 4782 476 4865; x_wconf 89' lang='lat' dir='ltr'>successio,</span> <span class='ocrx_word' id='word_1_307' title='bbox 501 4807 573 4879; x_wconf 91' lang='lat' dir='ltr'>quo</span> <span class='ocrx_word' id='word_1_308' title='bbox 605 4785 747 4855; x_wconf 89' lang='lat' dir='ltr'>Demm.</span> <span class='ocrx_word' id='word_1_309' title='bbox 771 4808 944 4853; x_wconf 84' lang='lat' dir='ltr'><strong>xrv-xxm</strong></span> <span class='ocrx_word' id='word_1_310' title='bbox 972 4778 1197 4879; x_wconf 89' lang='lat' dir='ltr'>compositae</span> <span class='ocrx_word' id='word_1_311' title='bbox 1229 4793 1314 4854; x_wconf 92' lang='lat' dir='ltr'>sunt</span> <span class='ocrx_word' id='word_1_312' title='bbox 1344 4805 1574 4879; x_wconf 90' lang='lat' dir='ltr'>summopere</span> <span class='ocrx_word' id='word_1_313' title='bbox 1601 4807 1695 4853; x_wconf 93' lang='lat' dir='ltr'>com·</span> 
     </span>
     <span class='ocr_line' id='line_1_34' title="bbox 100 4911 1697 5014; baseline 0.003 -31"><span class='ocrx_word' id='word_1_314' title='bbox 100 4911 247 4985; x_wconf 90' lang='lat' dir='ltr'>mendat</span> <span class='ocrx_word' id='word_1_315' title='bbox 266 4914 576 5012; x_wconf 90' lang='lat' dir='ltr'>computationem</span> <span class='ocrx_word' id='word_1_316' title='bbox 596 4917 685 5002; x_wconf 84' lang='lat' dir='ltr'>MS„</span> <span class='ocrx_word' id='word_1_317' title='bbox 708 4940 801 5014; x_wconf 91' lang='lat' dir='ltr'>quae</span> <span class='ocrx_word' id='word_1_318' title='bbox 822 4914 1040 5014; x_wconf 89' lang='lat' dir='ltr'>Martyrium</span> <span class='ocrx_word' id='word_1_319' title='bbox 1060 4918 1098 4987; x_wconf 91' lang='lat' dir='ltr'>S.</span> <span class='ocrx_word' id='word_1_320' title='bbox 1123 4914 1306 4987; x_wconf 91' lang='lat' dir='ltr'>Simeonis</span> <span class='ocrx_word' id='word_1_321' title='bbox 1321 4938 1417 4987; x_wconf 89' lang='lat' dir='ltr'>anno</span> <span class='ocrx_word' id='word_1_322' title='bbox 1438 4915 1508 4987; x_wconf 87' lang='grc'>655</span> <span class='ocrx_word' id='word_1_323' title='bbox 1529 4914 1697 4987; x_wconf 85' lang='lat' dir='ltr'>evenisse</span> 
     </span>
     <span class='ocr_line' id='line_1_35' title="bbox 100 5046 1695 5146; baseline 0.001 -30"><span class='ocrx_word' id='word_1_324' title='bbox 100 5046 249 5134; x_wconf 89' lang='lat' dir='ltr'>asserit,</span> <span class='ocrx_word' id='word_1_325' title='bbox 267 5048 540 5121; x_wconf 90' lang='lat' dir='ltr'>Demonstratio</span> <span class='ocrx_word' id='word_1_326' title='bbox 570 5048 667 5120; x_wconf 91' lang='lat' dir='ltr'>enim</span> <span class='ocrx_word' id='word_1_327' title='bbox 695 5075 755 5119; x_wconf 80' lang='lat' dir='ltr'>xiv</span> <span class='ocrx_word' id='word_1_328' title='bbox 782 5073 908 5121; x_wconf 89' lang='lat' dir='ltr'>mense</span> <span class='ocrx_word' id='word_1_329' title='bbox 938 5047 1136 5120; x_wconf 83' lang='lat' dir='ltr'>Februario</span> <span class='ocrx_word' id='word_1_330' title='bbox 1164 5047 1373 5146; x_wconf 87' lang='lat' dir='ltr'>conscripta</span> <span class='ocrx_word' id='word_1_331' title='bbox 1400 5061 1474 5137; x_wconf 89' lang='lat' dir='ltr'>est,</span> <span class='ocrx_word' id='word_1_332' title='bbox 1499 5073 1595 5120; x_wconf 91' lang='lat' dir='ltr'>anno</span> <span class='ocrx_word' id='word_1_333' title='bbox 1624 5048 1695 5119; x_wconf 93' lang='grc'>655</span> 
     </span>
     <span class='ocr_line' id='line_1_36' title="bbox 100 5179 1625 5255; baseline 0 -4"><span class='ocrx_word' id='word_1_334' title='bbox 100 5179 321 5253; x_wconf 86' lang='lat' dir='ltr'>Graecorum</span> <span class='ocrx_word' id='word_1_335' title='bbox 338 5205 404 5254; x_wconf 91' lang='lat' dir='ltr'>seu</span> <span class='ocrx_word' id='word_1_336' title='bbox 424 5182 495 5253; x_wconf 87' lang='grc'>344</span> <span class='ocrx_word' id='word_1_337' title='bbox 515 5207 549 5254; x_wconf 91' lang='lat' dir='ltr'>a.</span> <span class='ocrx_word' id='word_1_338' title='bbox 572 5184 617 5254; x_wconf 92' lang='grc' dir='ltr'>Ι).</span> <span class='ocrx_word' id='word_1_339' title='bbox 639 5182 700 5254; x_wconf 89' lang='lat' dir='ltr'>vix</span> <span class='ocrx_word' id='word_1_340' title='bbox 720 5181 862 5254; x_wconf 92' lang='lat' dir='ltr'>duobus</span> <span class='ocrx_word' id='word_1_341' title='bbox 882 5180 1071 5254; x_wconf 91' lang='lat' dir='ltr'>mensibus</span> <span class='ocrx_word' id='word_1_342' title='bbox 1092 5193 1176 5255; x_wconf 90' lang='lat' dir='ltr'>ante</span> <span class='ocrx_word' id='word_1_343' title='bbox 1196 5194 1350 5254; x_wconf 91' lang='lat' dir='ltr'>mortem</span> <span class='ocrx_word' id='word_1_344' title='bbox 1371 5184 1409 5254; x_wconf 87' lang='lat' dir='ltr'>S.</span> <span class='ocrx_word' id='word_1_345' title='bbox 1430 5181 1625 5255; x_wconf 91' lang='lat' dir='ltr'>Simeonis.</span> 
     </span>
    </p>
   </div>
   <div class='ocr_carea' id='block_1_7' title="bbox 160 5523 1465 5825">
    <p class='ocr_par' dir='ltr' id='par_1_11' title="bbox 160 5523 1465 5825">
     <span class='ocr_line' id='line_1_37' title="bbox 161 5523 1459 5611; baseline -0.002 -21"><span class='ocrx_word' id='word_1_346' title='bbox 161 5526 169 5563; x_wconf 85' lang='lat'><strong>⁴</strong></span> <span class='ocrx_word' id='word_1_347' title='bbox 196 5527 244 5590; x_wconf 88' lang='lat' dir='ltr'>St.</span> <span class='ocrx_word' id='word_1_348' title='bbox 261 5527 296 5590; x_wconf 85' lang='lat' dir='ltr'>E.</span> <span class='ocrx_word' id='word_1_349' title='bbox 312 5523 493 5602; x_wconf 80' lang='lat' dir='ltr'>Assemani,</span> <span class='ocrx_word' id='word_1_350' title='bbox 511 5549 563 5611; x_wconf 85' lang='lat' dir='ltr'>op.</span> <span class='ocrx_word' id='word_1_351' title='bbox 580 5529 647 5603; x_wconf 73' lang='lat' dir='ltr'>cit,</span> <span class='ocrx_word' id='word_1_352' title='bbox 664 5537 688 5590; x_wconf 89' lang='lat' dir='ltr'>t.</span> <span class='ocrx_word' id='word_1_353' title='bbox 705 5527 729 5603; x_wconf 96' lang='lat' dir='ltr'>l,</span> <span class='ocrx_word' id='word_1_354' title='bbox 747 5548 779 5610; x_wconf 87' lang='lat' dir='ltr'>p.</span> <span class='ocrx_word' id='word_1_355' title='bbox 797 5534 864 5590; x_wconf 84' lang='lat'>105.</span> <span class='ocrx_word' id='word_1_356' title='bbox 882 5528 918 5591; x_wconf 89' lang='lat' dir='ltr'>P.</span> <span class='ocrx_word' id='word_1_357' title='bbox 935 5527 1069 5610; x_wconf 87' lang='lat' dir='ltr'>Bedjan,</span> <span class='ocrx_word' id='word_1_358' title='bbox 1087 5548 1139 5610; x_wconf 85' lang='lat' dir='ltr'>op.</span> <span class='ocrx_word' id='word_1_359' title='bbox 1158 5529 1225 5601; x_wconf 72' lang='lat' dir='ltr'>cia,</span> <span class='ocrx_word' id='word_1_360' title='bbox 1242 5535 1265 5589; x_wconf 96' lang='lat' dir='ltr'>t.</span> <span class='ocrx_word' id='word_1_361' title='bbox 1281 5525 1322 5602; x_wconf 91' lang='lat' dir='ltr'>ll,</span> <span class='ocrx_word' id='word_1_362' title='bbox 1339 5547 1371 5609; x_wconf 90' lang='lat' dir='ltr'>p.</span> <span class='ocrx_word' id='word_1_363' title='bbox 1389 5532 1459 5589; x_wconf 81' lang='lat'>291.</span> 
     </span>
     <span class='ocr_line' id='line_1_38' title="bbox 160 5632 788 5717; baseline -0.002 -21"><span class='ocrx_word' id='word_1_364' title='bbox 160 5633 173 5671; x_wconf 83' lang='lat'>²</span> <span class='ocrx_word' id='word_1_365' title='bbox 199 5632 236 5696; x_wconf 90' lang='lat' dir='ltr'>P.</span> <span class='ocrx_word' id='word_1_366' title='bbox 253 5633 386 5717; x_wconf 89' lang='lat' dir='ltr'>Bedjan,</span> <span class='ocrx_word' id='word_1_367' title='bbox 404 5655 457 5717; x_wconf 86' lang='lat' dir='ltr'>op.</span> <span class='ocrx_word' id='word_1_368' title='bbox 474 5638 541 5710; x_wconf 69' lang='lat' dir='ltr'>cit,</span> <span class='ocrx_word' id='word_1_369' title='bbox 555 5644 579 5696; x_wconf 92' lang='lat' dir='ltr'>t.</span> <span class='ocrx_word' id='word_1_370' title='bbox 597 5634 651 5709; x_wconf 80' lang='lat' dir='ltr'>lV,</span> <span class='ocrx_word' id='word_1_371' title='bbox 669 5655 701 5717; x_wconf 93' lang='lat' dir='ltr'>p.</span> <span class='ocrx_word' id='word_1_372' title='bbox 720 5640 788 5696; x_wconf 88' lang='grc'><strong>131.</strong></span> 
     </span>
     <span class='ocr_line' id='line_1_39' title="bbox 160 5739 1465 5825; baseline -0.002 -20"><span class='ocrx_word' id='word_1_373' title='bbox 160 5741 173 5779; x_wconf 83' lang='lat'>³</span> <span class='ocrx_word' id='word_1_374' title='bbox 195 5741 243 5805; x_wconf 88' lang='lat' dir='ltr'>St.</span> <span class='ocrx_word' id='word_1_375' title='bbox 260 5741 297 5804; x_wconf 85' lang='lat' dir='ltr'>E.</span> <span class='ocrx_word' id='word_1_376' title='bbox 314 5741 495 5817; x_wconf 82' lang='lat' dir='ltr'>Assemani‚</span> <span class='ocrx_word' id='word_1_377' title='bbox 514 5763 567 5825; x_wconf 84' lang='lat' dir='ltr'>op.</span> <span class='ocrx_word' id='word_1_378' title='bbox 584 5744 650 5817; x_wconf 75' lang='lat' dir='ltr'>cit,</span> <span class='ocrx_word' id='word_1_379' title='bbox 668 5750 691 5803; x_wconf 90' lang='lat' dir='ltr'>t.</span> <span class='ocrx_word' id='word_1_380' title='bbox 709 5739 733 5816; x_wconf 95' lang='lat' dir='ltr'>l,</span> <span class='ocrx_word' id='word_1_381' title='bbox 751 5762 783 5824; x_wconf 93' lang='lat' dir='ltr'>p.</span> <span class='ocrx_word' id='word_1_382' title='bbox 803 5746 872 5804; x_wconf 87' lang='lat'>111.</span> <span class='ocrx_word' id='word_1_383' title='bbox 894 5740 931 5804; x_wconf 90' lang='lat' dir='ltr'>P.</span> <span class='ocrx_word' id='word_1_384' title='bbox 946 5740 1079 5825; x_wconf 88' lang='lat' dir='ltr'>Bedjan,</span> <span class='ocrx_word' id='word_1_385' title='bbox 1098 5761 1151 5823; x_wconf 85' lang='lat' dir='ltr'>op.</span> <span class='ocrx_word' id='word_1_386' title='bbox 1168 5742 1234 5814; x_wconf 76' lang='lat' dir='ltr'>cia,</span> <span class='ocrx_word' id='word_1_387' title='bbox 1251 5748 1276 5803; x_wconf 91' lang='lat' dir='ltr'>t.</span> <span class='ocrx_word' id='word_1_388' title='bbox 1291 5739 1330 5816; x_wconf 93' lang='lat' dir='ltr'>ll,</span> <span class='ocrx_word' id='word_1_389' title='bbox 1347 5762 1377 5824; x_wconf 93' lang='lat' dir='ltr'>p.</span> <span class='ocrx_word' id='word_1_390' title='bbox 1396 5746 1465 5803; x_wconf 75' lang='lat'>296.</span> 
     </span>
    </p>
   </div>
   <div class='ocr_carea' id='block_1_8' title="bbox 0 0 2068 6452">
    <p class='ocr_par' dir='ltr' id='par_1_12' title="bbox 0 0 2068 6452">
     <span class='ocr_line' id='line_1_40' title="bbox 0 0 2068 6452; baseline 0 0"><span class='ocrx_word' id='word_1_391' title='bbox 0 0 2068 6452; x_wconf 95' lang='lat' dir='ltr'> </span> 
     </span>
    </p>
   </div>
  </div>
 </body>
</html>
