4108 6458
715 1135 1119 1250 PRAEFATIO

765 1480 1071 1523 —Qooooe—

764 1846 905 1899 CAPUT
928 1847 1096 1900 PRIMUM

278 2124 342 2202 DE
373 2124 490 2203 VITA
519 2124 580 2202 ΕΤ
610 2124 837 2203 SCRIPTlS
867 2125 907 2203 S.
941 2124 1180 2204 SlMEONlS
1210 2124 1314 2204 Bait
1345 2124 1556 2203 SABBA‘E

109 2498 131 2544 i.
152 2494 332 2545 Christianae
346 2495 486 2560 religionis
499 2497 578 2548 initia
589 2480 833 2561 inhiesopotamia
852 2495 1032 2547 meridionali.
1055 2522 1087 2532 -
1104 2500 1128 2546 t.
1141 2495 1334 2548 Translatores
1353 2495 1485 2547 librorum
1504 2509 1645 2549 sacrorum
1664 2497 1714 2561 sy·

161 2596 268 2634 rorum.
289 2610 320 2620 -
340 2588 363 2633 ³.
387 2584 479 2636 Series
499 2602 512 2632 a
536 2584 741 2637 catholicorum
762 2604 773 2631 a
795 2584 1002 2636 Seleucensium
1019 2597 1109 2650 usque
1129 2583 1164 2636 ad
1184 2585 1299 2651 Papam.
1325 2613 1357 2622 -
1374 2589 1398 2636 t.
1422 2585 1528 2637 Relatio
1546 2585 1714 2637 Barhehraei

158 2673 197 2723 de
213 2673 300 2736 Pdpa.
317 2701 347 2709 -
363 2678 386 2722 5.
406 2675 478 2725 Acta
494 2674 524 2726 S.
540 2673 612 2725 illlis
634 2673 668 2725 de
682 2673 785 2738 synodo
808 2673 977 2725 Seleucensi.
991 2699 1024 2711 -
1037 2679 1060 2724 t.
1076 2674 1175 2725 Oratio
1192 2676 1311 2738 agapeti
1337 2675 1461 2740 episcopi
1481 2675 1533 2726 Bet
1551 2675 1715 2740 Lapetensis

156 2761 196 2812 de
216 2760 351 2813 seditione
375 2764 568 2828 episcoporum
590 2766 686 2814 eontra
706 2763 821 2828 Papam.
843 2790 874 2799 -
893 2767 917 2813 7.
940 2754 1019 2813 Aliae
1039 2762 1185 2814 relationes
1206 2762 1241 2817 ad
1264 2763 1292 2813 S.
1316 2762 1472 2814 Simeonem
1492 2765 1669 2828 pertinentes.
1685 2792 1710 2800 -

156 2855 184 2900 Β.
207 2849 300 2915 Opera
316 2850 345 2901 S.
362 2849 484 2903 Simeoni
499 2850 650 2903 adtributa.

192 3075 224 3144 i.
245 3075 343 3146 lnter
356 3075 455 3146 viros
472 3073 728 3172 paucissimos
747 3098 840 3172 quos
855 3073 1003 3147 saeculo
1021 3077 1072 3149 iv
1090 3074 1282 3148 ecclesiam
1309 3077 1484 3172 Syrorum
1500 3099 1574 3173 non
1596 3074 1714 3147 solum

109 3208 191 3279 vita
210 3205 277 3279 sed
297 3205 406 3279 etiarn
428 3205 594 3280 doctrina
614 3206 820 3281 illustrasse
841 3220 1066 3306 compertum
1089 3206 1281 3293 habemus,
1302 3205 1347 3279 ab
1372 3208 1520 3279 ‘ildito‘
1541 3206 1713 3306 episcopo

111 3338 293 3414 Sohensi⁴
317 3352 540 3412 memoratur
563 3343 598 3412 S.
628 3344 763 3412 Simeon
783 3344 846 3412 bor
877 3343 1035 3427 Sabba‘e,
1061 3339 1296 3439 metropolita
1319 3339 1510 3413 Seleuciae
1537 3352 1574 3414 et
1593 3340 1714 3414 Ctesi-

109 3472 275 3572 phontis.
294 3474 416 3571 Opera
429 3472 577 3570 quidem
591 3471 769 3546 litteraria
786 3472 895 3545 huius
916 3472 1088 3571 martyris
1111 3471 1184 3545 cito
1206 3470 1348 3544 absolvi
1365 3485 1534 3571 possunt,
1548 3473 1628 3545 eius
1648 3498 1714 3545 au-

109 3620 189 3679 tern
219 3604 395 3678 vitatum
418 3603 465 3677 ob
488 3604 706 3706 dignitatem
730 3604 972 3678 catholicatus
996 3631 1040 3679 eo
1065 3618 1230 3705 ternpore
1255 3604 1334 3677 sedi
1360 3604 1572 3678 Seleucensi
1598 3602 1715 3678 adtri-

109 3738 255 3823 butam,
278 3751 356 3811 tum
380 3737 427 3811 ob
451 3738 595 3835 initium
621 3739 786 3812 funestae
810 3738 1079 3836 persecutionis
1103 3763 1195 3837 quae
1219 3738 1256 3810 in
1277 3736 1427 3810 Perside
1452 3749 1536 3836 post
1560 3750 1714 3811 mortem

110 3872 194 3945 eius
219 3870 283 3943 diu
304 3871 435 3944 saeviit
452 3872 545 3945 tanti
564 3883 621 3945 est
642 3870 829 3958 momenti,
852 3885 892 3945 ut
915 3871 1140 3972 singularem
1160 3869 1493 3944 considerationem
1513 3883 1709 3944 mereatur.

110 4012 198 4101 Quo
222 4004 333 4077 etiam
353 4018 517 4103 tempore
540 4004 621 4104 ipsa
638 4004 814 4078 ecclesiae
835 4005 999 4104 syriacae
1018 4003 1173 4079 historia
1197 4003 1243 4076 ad
1262 4003 1381 4076 lucem
1401 4002 1546 4101 prodire
1568 4002 1709 4102 incipit,

109 4136 297 4237 siquidem
311 4137 540 4224 documenta,
562 4163 655 4237 quae
677 4137 721 4211 de
742 4138 896 4211 historia
911 4138 1087 4212 ecclesiae
1105 4140 1280 4236 Syrorum
1300 4148 1461 4210 tractant
1485 4136 1626 4235 synodo
1648 4136 1712 4208 Ni-

109 4295 229 4344 caena
262 4270 456 4358 anteriore,
488 4284 551 4345 aut
577 4271 726 4357 nulline,
758 4284 820 4345 aut
846 4270 979 4345 dubiae
1000 4285 1085 4344 sunt
1111 4269 1355 4357 auctoritatis,
1382 4267 1480 4368 quod
1502 4293 1628 4342 verum
1656 4281 1711 4342 est

109 4402 294 4501 imprimis
321 4404 365 4477 de
386 4404 479 4478 serie
507 4404 779 4478 Catholicorum
813 4403 1100 4490 Seleucensium,
1128 4404 1166 4476 in
1194 4428 1266 4502 qua
1292 4405 1329 4476 S.
1361 4402 1508 4475 Simeon
1533 4400 1711 4501 septimus

109 4551 199 4636 post
222 4541 347 4609 Merim
376 4565 393 4607 e
420 4537 626 4637 apostolum
661 4565 679 4609 n
709 4537 869 4638 ponitur.
906 4538 1024 4637 lgitur
1051 4536 1198 4610 brevem
1222 4547 1459 4634 conspectum
1483 4533 1710 4634 quaestionis

109 4669 342 4757 exhibemus,
360 4670 447 4768 quid
463 4671 530 4744 hae
550 4671 595 4745 de
616 4696 654 4744 re
675 4672 753 4745 erui
772 4670 891 4771 possit
908 4682 1169 4770 proponentes.

188 4806 331 4876 Paucae
354 4802 438 4876 illae
461 4804 702 4891 narrationes,
721 4829 814 4903 quae
838 4803 1142 4903 propagationem
1161 4801 1352 4901 religionis
1374 4800 1509 4874 Christi
1535 4801 1572 4873 in
1595 4800 1710 4900 parti-

109 4935 183 5009 bus
208 4935 494 5034 Mesopotamiae
518 4937 692 5023 referunt,
708 4961 879 5037 graecam
895 4936 1076 5036 originem
1096 4934 1360 5008 christianismi
1385 4933 1518 5032 syriaci
1537 4933 1706 5006 innuunt.

110 5072 391 5143 Testamentum
415 5068 561 5166 quidem
587 5069 733 5143 Addai²
754 5083 791 5144 et
814 5072 907 5143 Acta
938 5071 976 5142 S.
1003 5069 1140 5141 Maris³
1167 5067 1340 5139 unanimo
1366 5091 1549 5140 consensu
1578 5065 1710 5140 docent

111 5201 351 5274 christianam
378 5200 594 5298 religionem
620 5203 657 5274 in
684 5202 984 5302 Mesopotamiam
1009 5227 1075 5302 per
1104 5200 1281 5273 Edessam
1309 5199 1437 5273 urhem
1464 5199 1710 5273 introductam

112 5359 210 5407 esse.
233 5333 355 5407 Addai
374 5334 453 5432 ipse
477 5358 497 5406 e
522 5334 731 5408 Palaestina
754 5335 931 5409 oriundus
956 5334 1146 5421 statuitur,
1169 5346 1432 5407 testamentum
1452 5345 1588 5419 tamen,
1611 5330 1709 5430 quod

177 5581 185 5617 ⁴
205 5580 229 5642 l.
247 5580 281 5645 S.
298 5580 478 5655 Assemani
495 5581 699 5645 Bibliotheca
713 5584 894 5660 orientalis,
909 5590 932 5644 t.
951 5581 1005 5657 iii,
1024 5581 1156 5653 Rornae,
1176 5583 1264 5657 1725,
1281 5602 1313 5664 p.
1331 5587 1379 5643 51.

175 5687 189 5725 ²
204 5687 245 5749 G.
263 5687 410 5772 Phillips,
431 5689 496 5750 Tite
509 5688 665 5752 Doctrina
680 5687 847 5770 ofdddei,
866 5687 1008 5763 London,
1029 5693 1116 5749 1876.

177 5794 190 5831 ³
204 5794 239 5856 P.
256 5794 389 5878 Bedjan,
405 5795 490 5857 Aeta
504 5808 690 5876 martyrum
707 5806 739 5857 et
751 5808 952 5874 sanctorum,
968 5805 990 5857 t.
1009 5794 1033 5868 l,
1050 5794 1190 5876 Lipsiae,
1210 5798 1298 5869 1890,
1317 5812 1349 5874 p.
1364 5797 1402 5855 45
1418 5814 1467 5877 sq.
