4120 6458
204 504 484 570 SCRIPTORUM
508 503 774 567 TESTIMONIA
795 503 852 566 DE
875 501 1146 568 BhRDESthS
1168 502 1282 581 VITA,
1307 505 1512 569 SCRIPTIS.
1604 513 1664 570 506

71 692 163 762 tione
178 687 317 760 muudi.
337 690 428 759 Nam
442 686 542 758 iuxta
556 686 782 783 Scripturam
800 713 808 755 ι
829 713 846 756 r
867 685 1024 783 Spiritus
1042 685 1108 758 Dei
1126 684 1359 758 incumbebat
1375 712 1485 784 super
1500 713 1659 786 aquas...

74 827 326 922 Congregatae
351 833 436 893 sunt
455 844 571 918 aquae
591 831 628 892 et
652 819 821 916 apparuit
844 817 955 891 arida.
990 821 1035 890 Et
1057 819 1201 892 vocavit
1224 822 1324 892 Deus
1349 819 1488 892 aridam
1512 825 1663 894 Terram

70 955 447 1056 congregationesque
478 977 655 1051 aquarum
684 951 880 1049 appellavit
908 952 1040 1023 maria'
1074 980 1107 1026 n.
1138 952 1299 1051 Fingunt
1331 954 1591 1028 Bardesauitae
1624 955 1665 1027 in

70 1089 209 1188 hymnis
231 1088 309 1160 suis
332 1086 508 1185 Spiritum
529 1085 746 1184 produxisse
767 1098 901 1157 terram
925 1097 961 1157 et
980 1110 1112 1183 aquam
1137 1099 1220 1183 post
1246 1085 1519 1159 incubationem
1544 1113 1660 1174 suam,

70 1236 102 1295 et
126 1247 164 1294 se
190 1221 353 1319 pinxisse
376 1220 412 1291 in
438 1218 587 1317 speculo
607 1243 782 1317 aquarum
805 1242 897 1316 quae
923 1218 991 1290 sub
1015 1217 1077 1290 illo
1100 1230 1216 1290 erant.
1242 1218 1451 1292 Verisimile
1476 1234 1533 1292 est
1554 1220 1664 1293 etiam

70 1360 105 1428 S.
133 1354 290 1453 Ephrem
318 1353 529 1426 confudisse
562 1355 730 1447 Spiritum
763 1354 938 1424 Sanctum
968 1375 1050 1423 curn
1075 1354 1201 1445 spiritu
1237 1376 1302 1423 seu
1329 1364 1453 1437 vent0,
1481 1353 1662 1426 elemento

70 1488 203 1561 scilicet
229 1487 467 1559 constitutivo
494 1484 619 1557 mundi
645 1484 706 1576 (cs.
729 1509 835 1579 supro
858 1486 928 1556 532
953 1486 994 1567 E,
1021 1510 1103 1555 cum
1129 1497 1215 1556 nota
1243 1485 1290 1579 2).
1315 1528 1365 1539 —
1385 1485 1579 1558 Difficilius
1607 1500 1663 1560 est

69 1619 294 1720 interpretari
322 1618 431 1691 finem
460 1618 558 1690 illius
583 1629 718 1690 textus.
744 1623 773 1712 c)
800 1617 890 1717 Agit
915 1617 960 1689 de
988 1617 1176 1691 Paradiso.
1210 1620 1263 1689 De
1296 1617 1368 1689 situ
1396 1618 1496 1691 illius
1525 1619 1663 1692 Barde-

71 1779 170 1826 sanes
189 1753 374 1852 propriam
403 1751 552 1850 exponit
580 1749 812 1822 sententiam.
842 1753 895 1822 Ex
919 1763 1090 1823 contextu
1117 1749 1180 1822 ubi
1207 1750 1330 1822 Solet
1362 1754 1463 1823 Luna
1486 1765 1663 1826 vocantur

70 1900 165 1985 pater
191 1899 228 1959 et
255 1898 384 1971 mater,
409 1885 499 1958 haec
527 1884 600 1956 duo
629 1894 728 1955 astra
750 1884 998 1982 produxerunt
1030 1883 1152 1956 omnia
1180 1884 1218 1955 in
1247 1884 1435 1957 Paradiso.
1467 1885 1535 1978 (Cf.
1566 1889 1661 1979 infre

70 2048 101 2119 p.
123 2020 316 2113 525-526.)

135 2151 297 2225 Tandem
311 2151 539 2224 Bardesanes
554 2150 775 2248 peculiarem
790 2150 999 2248 opinionem
1014 2149 1142 2223 habuit
1156 2149 1200 2223 de
1216 2150 1483 2223 resurrectione
1496 2153 1661 2250 corporis

71 2286 161 2359 etde
181 2298 311 2359 natura
331 2284 486 2357 animae.

135 2419 1661 2521 Pdsssssstmstar.1sep04m.sasmsatna÷msaanofournu

137 2648 313 2739 Quantum
328 2674 407 2742 erqo
422 2651 549 2722 invidit
563 2652 723 2722 Diabolus
741 2651 780 2720 in
795 2674 929 2743 corpore
947 2652 1169 2734 Bardesanes,
1188 2663 1224 2721 nl
1244 2652 1315 2744 ipsc
1330 2675 1392 2722 suo
1409 2675 1465 2721 ore
1483 2653 1550 2721 sibi
1559 2676 1660 2745 pree·

70 2785 183 2854 rideret
202 2808 310 2878 spem,
334 2783 583 2877 dimidiamque
601 2785 658 2854 sui
677 2781 893 2875 insumeret?
910 2786 1082 2874 Linquere
1101 2784 1248 2869 emeruit,
1268 2794 1422 2854 utrumn
1445 2785 1660 2855 resurrectio·

72 2941 137 2987 nem
155 2919 318 2988 eiuraret.

136 3051 175 3120 Ρ.
198 3049 269 3120 553
291 3051 317 3120 F
341 3075 348 3119 :
370 3052 999 3129 ssebrffloh-labxbit'ffldathi

136 3185 282 3276 Corpora
296 3194 412 3254 nostro
423 3184 464 3252 oh
479 3207 530 3265 eo,
548 3185 636 3275 qnod
652 3184 782 3253 melem
792 3183 1006 3276 principium
1019 3183 1209 3275 appellant,
1229 3194 1401 3275 compecto
1417 3186 1523 3275 [trisse
1542 3183 1659 3253 dorne·

20 3356 21 3385 γ
69 3327 155 3399 runt,
179 3327 308 3407 nepont
327 3328 441 3386 nutem
464 3340 504 3386 eo
525 3327 602 3409 post
624 3338 741 3386 cosam
761 3317 950 3408 aliqnando
975 3327 1226 3399 recurrentium
1244 3316 1364 3386 anime
1385 3340 1460 3386 cero
1488 3341 1510 3385 o
1534 3329 1657 3409 reptem

20 3420 22 3549 i
69 3451 204 3521 existere
223 3461 253 3521 et
270 3450 425 3542 produci.

20 3552 22 3649 l
132 3583 172 3653 P·
196 3582 1104 3680 551Buooa0rnetarma2mamrxaam
1121 3610 1158 3672 a
1182 3603 1288 3680 ,aaa
1305 3618 1356 3685 a»
1375 3609 1423 3675 or
1445 3603 1466 3673 a
1487 3611 1575 3683 atax
1594 3611 1659 3658 „a

20 3658 22 3721 l
484 3713 1657 3795 ,ermmrmoatmwammrmmtassemano-1³⁸2

131 3832 342 3902 Bardesanes
356 3832 468 3901 odhnc
477 3833 684 3924 premendus
702 3844 761 3915 est,
782 3842 819 3902 ut
838 3835 999 3924 solentur,
1025 3832 1193 3901 hominem
1214 3832 1314 3902 nulle
1332 3855 1378 3901 em
1398 3832 1516 3915 tribuo,
1536 3833 1658 3924 quibus

69 3975 201 4049 constet,
226 3966 346 4056 formis
362 3987 461 4057 posse
473 3966 627 4057 privari,
653 3964 935 4057 quemadmodum
958 3988 1017 4035 nec
1037 3965 1114 4055 ipat
1133 3968 1209 4057 quis
1231 3965 1364 4035 adimet
1383 3969 1544 4057 sormam,
1574 3966 1657 4058 puin

69 4097 169 4187 iprum
189 4100 305 4190 ignem
323 4098 517 4188 relinquet,
537 4099 619 4168 odeo
635 4122 764 4168 necesse
778 4111 826 4169 cst
845 4110 998 4168 constare
1010 4099 1165 4190 portium
1183 4121 1374 4181 numerum,
1394 4099 1473 4168 dnm
1491 4099 1563 4169 vito
1582 4123 1658 4168 con-

68 4239 136 4315 stat,
158 4232 206 4301 ric
225 4233 317 4301 enim
336 4254 413 4300 eum
434 4241 561 4301 nature
580 4232 828 4322 coagmentavit
847 4256 894 4301 cto
913 4232 1052 4324 triplici,
1078 4242 1114 4302 ut
1134 4232 1224 4316 dini,
1246 4236 1370 4324 forma.

133 4362 300 4435 Notanda
320 4374 376 4434 est
396 4362 485 4434 haec
508 4362 723 4459 compositio
745 4362 903 4435 hominis
923 4389 967 4433 ex
987 4362 1121 4460 triplici
1140 4363 1269 4435 forma.
1296 4364 1450 4436 Constat
1474 4363 1570 4435 enim
1595 4364 1654 4456 (cl.

70 4495 153 4587 infra
168 4496 238 4569 col.
261 4494 386 4581 5721.
403 4495 483 4591 7-9)
495 4521 538 4568 ex
553 4495 811 4595 intelligentia,
828 4496 947 4568 anima
964 4508 999 4568 et
1015 4521 1166 4593 corpore
1182 4500 1264 4588 (1322,
1280 4507 1348 4567 no,
1364 4502 1448 4591 rte).
1466 4497 1657 4569 Asseritne

72 4627 289 4705 bardesanes
304 4628 585 4728 intelligentiam
601 4629 717 4701 solam
732 4629 868 4702 directe
883 4655 904 4701 a
919 4632 997 4701 Deo
1012 4630 1223 4726 procedere,
1237 4630 1323 4701 dum
1338 4631 1458 4701 anima
1474 4642 1510 4702 et
1525 4654 1657 4729 corpus

71 4758 261 4835 formantur
281 4786 302 4833 a
321 4760 479 4859 planetis
495 4775 531 4834 et
550 4786 571 4833 a
592 4762 761 4849 materia,
780 4761 849 4834 hoc
877 4762 1027 4834 inuuere
1044 4762 1187 4834 videtur
1208 4766 1245 4835 S.
1275 4762 1447 4860 Ephrem,
1471 4763 1536 4835 sed
1559 4763 1657 4834 illius

72 4901 180 4966 textus
200 4894 408 4994 significare
424 4907 545 4993 potest
564 4908 705 4967 tanturn
727 4896 894 4993 planetas
914 4895 1089 4967 iulluxum
1105 4895 1297 4994 quemdam
1314 4894 1447 4967 hahere
1463 4895 1500 4966 in
1516 4895 1657 4967 animos

72 5023 122 5111 (cs.
139 5027 206 5098 col.
225 5028 311 5113 572,
332 5026 357 5098 l.
379 5028 458 5123 7-9)
479 5040 515 5100 et
535 5054 668 5126 corpus
687 5042 854 5101 constare
878 5054 921 5100 ex
941 5028 1051 5099 humo
1076 5041 1112 5101 et
1137 5029 1299 5126 pulvere,
1322 5028 1359 5100 id
1381 5042 1501 5101 estex
1520 5028 1657 5101 coadu-

73 5157 205 5232 natione
225 5161 488 5234 elementorum
513 5162 779 5260 primitivorum
799 5187 953 5260 quorum
975 5188 1087 5233 unum
1108 5162 1251 5251 saltem,
1276 5161 1313 5233 id
1335 5174 1392 5234 est
1410 5161 1596 5248 tenebrae,
1617 5162 1657 5232 li-

74 5285 199 5366 bertate
222 5320 289 5367 sua
308 5294 422 5366 utitur
448 5293 493 5366 ad
516 5295 651 5367 malum
671 5294 958 5393 producendum,
981 5295 1078 5368 unde
1098 5296 1233 5368 malum
1257 5295 1470 5393 simpliciter
1489 5308 1653 5368 vocatur.

75 5419 120 5493 lta
133 5424 315 5500 distinctio
330 5428 423 5500 loret
443 5427 538 5500 inter
552 5428 686 5501 malum
707 5442 743 5501 et
760 5429 986 5502 daemonem.

143 5733 151 5771 ⁸
168 5735 216 5799 (Il.
233 5737 316 5800 Gen.
333 5759 356 5814 r,
370 5743 399 5815 2,
416 5744 446 5816 9,
465 5745 512 5802 10.
