4122 6472
668 432 802 498 valna
823 433 1183 499 APOTELESMATA.
1652 453 1729 510 1390

130 623 185 677 κας
213 601 325 693 μικρόις
345 591 508 693 θιαργυροῖς
530 599 584 666 καὶ
609 597 725 694 γράψον
747 609 848 667 ταῦτα
870 603 1010 696 ἐναργῶς·
1038 601 1193 697 Βισαρόιχ,
1218 601 1405 698 Σαρσατζιὲ,
1427 604 1568 702 Μουρόὲ,
1591 611 1725 707 Βιαρὰγ,

130 724 254 817 Γαλγά.
283 724 339 802 Εἰς
370 723 428 800 τὴν
457 721 524 814 όψιν
558 723 655 800 αὐτὴν
688 725 810 819 γυρόθεν
842 726 962 820 περίθες
993 737 1122 821 χρυσοῦν
1151 735 1283 797 πέταλον
1316 729 1368 798 καὶ
1408 727 1526 827 όρυξον,
1549 735 1604 801 καὶ
1633 731 1729 815 πῆξον

129 848 241 935 λίθους,
265 852 306 927 ὡς
337 846 549 935 κατακλείειν,
576 850 734 928 ἐκλεκτούς
768 836 809 935 ζ’,
840 849 892 916 καὶ
922 853 1018 944 γλόρε
1048 855 1095 945 ἐφ’
1127 854 1181 920 ένα
1215 856 1345 923 ἕκαστον
1376 858 1460 925 λίθον
1496 861 1533 927 τό
1566 863 1729 955 μυστήριον

130 984 235 1059 τοῦτο,
262 978 302 1052 εἰς
328 975 382 1067 μὲν
401 974 453 1040 τόν
478 983 616 1066 πρῶτον·
650 974 799 1068 Ἀηχοὺρ,
824 984 865 1054 εἰς
891 977 945 1043 τόν
969 968 1124 1071 θεότερον·
1149 973 1311 1074 Ζαζηχὰρ,
1333 982 1375 1060 εἰς
1403 985 1456 1050 τόν
1484 991 1599 1077 τρίτον·
1620 986 1727 1079 Σαμψ,

90 1104 105 1155 5
131 1096 172 1176 εἰς
200 1099 254 1164 τόν
285 1104 443 1192 τέταρτον·
470 1097 600 1191 Ἐπρόες,
621 1098 662 1178 είς
694 1098 748 1197 τόν
777 1102 933 1192 πέμπτον·
962 1101 1111 1195 Μαγτὲς,
1140 1105 1180 1181 εἰς
1206 1104 1258 1171 τόν
1282 1107 1382 1173 έκτον·
1405 1107 1580 1201 Σακαρτές,
1607 1109 1661 1177 καὶ
1691 1110 1733 1190 εἰς

130 1223 184 1289 τὸν
211 1214 351 1316 ἕόθομον·
378 1222 543 1319 Ζακγράμ.

205 1336 287 1414 Ὅτε
306 1345 357 1415 οὖν
380 1352 481 1434 βούλει
508 1345 550 1415 τόε
570 1347 623 1414 έπὶ
644 1354 713 1426 τοῖς
734 1346 880 1442 κλίμασιν
901 1353 993 1417 πᾶσιν
1019 1362 1078 1429 τῆς
1100 1361 1159 1445 γῆς
1179 1357 1326 1447 γινόμενα
1349 1354 1401 1421 καὶ
1424 1359 1453 1423 ίν
1476 1338 1590 1450 οὐρανόν
1615 1361 1669 1426 καὶ
1691 1371 1732 1454 γῇ

133 1463 259 1556 sillia,
286 1470 397 1562 βλέψον
420 1472 561 1566 καθαρῶς
583 1478 634 1540 καὶ
663 1473 775 1567 ἱλαρῶς
801 1472 880 1567 μετὰ
908 1485 963 1541 τοῦ
988 1476 1134 1569 ἐσόπτρου
1165 1484 1215 1544 καὶ
1240 1481 1334 1563 βλέπε
1364 1490 1475 1547 ταῦτα.
1498 1471 1568 1550 Ἵνα
1595 1479 1630 1551 <ll
1652 1488 1734 1576 μετὰ

10 1558 12 1697 ψ
132 1606 187 1663 τοῦ
210 1599 385 1690 κατόπτρου
411 1595 530 1692 γλύψῃς
560 1601 605 1664 τὰ
633 1600 770 1691 τέσσαρα
800 1603 951 1692 μυστήρια
979 1609 1079 1667 ταῦτα
1103 1603 1133 1666 έν
1166 1595 1210 1680 οἷς
1238 1610 1403 1696 κατέχεται
1433 1603 1474 1672 τὰ
1496 1612 1633 1701 τέσσαρα
1661 1610 1733 1702 μέρη

10 1706 12 1795 l
76 1725 107 1776 1⁰
132 1733 186 1787 τοῦ
211 1720 325 1813 κόσμου
339 1719 380 1787 ¹³.
407 1720 463 1789 καὶ
487 1719 607 1815 γίνεται
635 1719 714 1816 μετὰ
741 1721 881 1802 ἀληθείας
906 1723 962 1791 καὶ
990 1726 1109 1818 θεωρεῖς
1136 1730 1196 1794 πσῖν
1223 1730 1356 1822 προῖγμα
1380 1734 1396 1794 ό
1423 1735 1526 1814 βούλει
1551 1732 1732 1800 θεάσασθαι.

135 1845 202 1913 Καὶ
231 1845 256 1912 εἰ
281 1842 323 1913 τόε
346 1846 511 1940 ὑποχθόνια
541 1851 613 1940 ὀροῖν
643 1848 753 1931 θέλεις,
780 1844 892 1936 βλέψον
914 1846 1051 1916 κάτωθεν
1073 1860 1127 1917 τοῦ
1156 1852 1316 1945 έσόπτρου,
1342 1851 1399 1919 καὶ
1428 1856 1452 1919 εἰ
1479 1852 1520 1921 vl
1544 1855 1573 1922 ἐν
1602 1860 1733 1950 οὐρανῷ,

135 1969 247 2037 θέασαι
270 1974 311 2049 εἰς
334 1972 371 2038 τὸ
400 1971 547 2064 ἀνώτερον
570 1972 659 2065 μέρος
690 1982 743 2040 τοῦ
771 1971 915 2065 ἐσόπτρου
941 1977 994 2039 καὶ
1015 1967 1093 2052 ’ίθοις
1125 1972 1257 2062 ἐξαίσια,
1283 1982 1334 2043 καὶ
1362 1976 1387 2043 εἰ
1413 1980 1469 2052 τόν
1494 1976 1563 2068 όψιν
1588 1984 1629 2072 μὴ
1655 1982 1736 2049 ἁπο-

133 2091 288 2187 στρίψεις,
311 2097 341 2161 όν
363 2095 480 2188 ἀγωνίᾳ
501 2101 634 2189 γενέσει.

217 2220 271 2288 Ἐν
296 2226 383 2307 ἄλλῳ
404 2219 467 2287 τινὶ
487 2221 669 2314 ἀντιγροίρῳ
691 2220 767 2288 εἰσὶν
794 2222 826 2287 αἱ
847 2221 1011 2316 ὀνομασίαι
1035 2229 1086 2289 καὶ
1110 2225 1140 2289 οἱ
1165 2234 1360 2320 χαρακτῆρες
1382 2223 1477 2293 οὗτοι·
1506 2224 1639 2317 Μίουζζ,
1668 2231 1738 2298 Θα-

79 2366 110 2415 15
138 2340 241 2439 ραζὶν,
280 2341 469 2440 Θαυψαρόιν,
502 2345 663 2439 Ἐαγραρ,
694 2346 852 2440 Γογόχου,
885 2350 1012 2441 Γαλγῶ,
1041 2350 1209 2443 Γογουρῆς,
1235 2349 1386 2443 Μασίρας,
1417 2352 1544 2447 Ταλγῶ·
1576 2364 1676 2422 ταῦτα
1704 2350 1738 2423 δὲ

202 2630 251 2687 13.
268 2624 327 2688 llio
343 2624 502 2688 habentur
516 2634 660 2727 quatuor·
668 2624 762 2708 signa
781 2647 789 2687 :

559 2806 1126 3090 cao-aa
1180 2821 1337 3051 Ε

206 3211 309 3296 Signa
327 3213 383 3276 illa
405 3213 524 3277 similia
548 3223 624 3277 sunt
645 3240 658 3269 «ι
679 3214 784 3298 signis
803 3214 998 3278 decanorum
1017 3216 1194 3279 secundum
1210 3215 1422 3278 Chaldaeos»
1440 3216 1479 3291 Α,
1496 3214 1550 3278 lol.
1573 3220 1612 3278 38
1631 3225 1679 3278 ν’.
1695 3215 1744 3279 De

144 3320 197 3382 his
217 3329 249 3382 et
268 3320 439 3396 similibus,
464 3320 504 3383 cl.
528 3321 650 3397 Knonn,
670 3320 799 3405 Corpus
820 3321 968 3384 codicum
988 3323 1231 3406 astrologorum
1248 3342 1459 3408 graccorum,
1476 3322 1555 3385 fase.
1577 3344 1620 3397 vr,
1638 3320 1743 3386 Codd.

144 3424 426 3502 vindobonenses,
440 3448 474 3511 p.
492 3432 541 3491 74.

145 3866 246 3929 retro
266 3878 398 3955 parvas
416 3853 561 3927 tabulas
581 3866 778 3953 argenteas
798 3866 835 3927 et
855 3852 975 3927 scribe
995 3854 1085 3927 haec
1105 3852 1279 3926 distincte
1306 3882 1314 3925 z
1339 3852 1529 3943 Bisarach,
1547 3855 1744 3943 Sarsatzie,

146 3978 292 4064 Murde,
310 3978 460 4079 Biarag,
478 3977 607 4078 Galga.
627 3980 668 4051 ln
684 3978 764 4076 ipsa
783 3977 877 4051 faeie
893 3976 1137 4051 circumdabis
1158 3977 1191 4051 ei
1213 3976 1385 4050 laminam
1400 4003 1548 4051 auream
1564 3992 1601 4052 et
1615 3978 1748 4077 infiges

147 4116 292 4203 septem
313 4102 495 4201 pretiosos
521 4101 676 4202 lapides,
697 4102 803 4201 quasi
823 4102 869 4175 ad
893 4100 1199 4176 concludendum.
1223 4104 1264 4172 ln
1289 4126 1508 4200 unoquoque
1529 4127 1655 4176 eorum
1670 4103 1748 4176 ins-

148 4227 278 4328 culpes
299 4228 411 4301 hocce
434 4226 649 4326 mysterium
674 4257 681 4297 :
707 4227 744 4298 in
768 4226 887 4326 primo
911 4226 1032 4324 lapide
1058 4225 1218 4311 Aeolon,
1244 4224 1464 4299 insecundo
1490 4227 1685 4313 Zazechar‚
1710 4226 1748 4299 in

101 4380 118 4430 5
147 4352 260 4428 tertio
288 4355 432 4451 Sempe,
463 4351 501 4424 in
539 4363 669 4449 quarto
704 4354 859 4449 Hepras,
891 4351 930 4423 in
956 4351 1084 4449 quinto
1111 4352 1270 4448 Magtes,
1299 4349 1335 4420 in
1363 4363 1467 4423 sexto
1503 4354 1687 4439 Sacartes‚
1712 4350 1749 4422 in

149 4486 308 4584 septimo
332 4488 523 4585 Zacgram.
668 4528 673 4538 ·
1264 4550 1269 4560 ,

227 4611 319 4683 Cum
345 4609 459 4709 igitur
491 4608 585 4683 scire
610 4609 667 4681 vis
696 4608 784 4707 quid
813 4609 851 4681 in
879 4608 977 4682 omni
1003 4607 1155 4706 regione
1181 4606 1306 4679 mundi
1331 4607 1440 4681 sicuti
1471 4608 1631 4682 incaelo
1656 4608 1752 4681 etin

151 4749 251 4810 terra
271 4734 426 4821 eveniat,
445 4733 567 4832 aspice
588 4747 688 4807 caste
707 4744 746 4807 et
765 4733 970 4833 gaudenter
990 4758 1101 4831 supra
1121 4732 1311 4831 speculum
1331 4745 1368 4804 et
1387 4732 1529 4805 intuere
1549 4731 1625 4805 illa.
1643 4733 1752 4805 Atta-

151 4885 239 4934 men
262 4870 345 4958 post
365 4858 554 4957 speculum
578 4860 698 4957 finges
722 4870 878 4956 quatuor
900 4858 963 4930 illu
986 4857 1162 4956 mysteria
1184 4856 1222 4928 in
1244 4856 1377 4954 quibus
1401 4857 1637 4929 eontinentur
1659 4882 1752 4953 qua-

88 5021 122 5071 10
150 4998 238 5058 tuor
259 4982 385 5067 mundi
409 4995 577 5082 partes...
601 4982 729 5055 eterit
753 4983 789 5054 in
813 4981 968 5055 veritate
992 4994 1029 5055 ct
1050 4980 1195 5055 videbis
1215 5004 1322 5053 omne
1348 5005 1441 5078 opus
1466 4980 1640 5078 quodvis
1663 5006 1753 5052 eon-

154 5107 338 5207 templari.
357 5107 396 5181 Si
411 5107 534 5181 videre
557 5106 649 5180 velis
669 5107 820 5193 inferos,
838 5105 961 5204 aspice
981 5105 1074 5178 inlra
1099 5103 1306 5204 speculum3
1330 5103 1362 5175 si
1377 5103 1514 5197 (videre
1534 5103 1638 5197 velis)
1659 5129 1754 5202 quae

155 5232 299 5307 suntin
324 5232 439 5319 caele,
462 5233 585 5330 aspice
606 5231 643 5303 in
667 5231 855 5331 superiore
879 5243 981 5328 parte
1002 5229 1141 5329 speculi
1162 5243 1198 5301 et
1224 5226 1367 5301 videbis
1397 5226 1564 5314 insolita3
1582 5228 1614 5299 si
1635 5230 1754 5301 visum

155 5383 231 5433 non
251 5368 395 5430 avertas
419 5357 456 5429 in
478 5380 654 5456 angorem
679 5355 789 5428 animi
813 5353 964 5428 incides.

232 5482 273 5554 ln
290 5480 406 5554 altero
420 5480 528 5567 libro,
544 5479 810 5580 appellationes
825 5491 862 5551 et
877 5478 1108 5553 characteres
1123 5493 1208 5552 sunt
1227 5505 1234 5549 :
1250 5479 1381 5565 lliuzz,
1400 5476 1593 5563 Tharazin,
1610 5476 1756 5576 Thaup·

92 5634 127 5685 15
159 5633 286 5691 aaran,
320 5606 502 5706 Eagchar‚
530 5605 725 5703 Gogochu‚
753 5603 890 5703 Galg0,
919 5606 1101 5703 Gogures,
1131 5606 1289 5690 MaaraS,
1316 5603 1448 5703 l'algo.
1482 5605 1579 5675 llaec
1608 5602 1757 5699 quidem

271 5768 335 5800 rara.
348 5768 399 5800 ενιε.
414 5780 440 5789 -
454 5768 473 5799 r.
488 5767 504 5799 1.
519 5768 538 5800 r.
553 5767 578 5798 11.
1640 5757 1665 5795 47
