<?xml version="1.0" encoding="UTF-8"?>
<!DOCTYPE html PUBLIC "-//W3C//DTD XHTML 1.0 Transitional//EN"
    "http://www.w3.org/TR/xhtml1/DTD/xhtml1-transitional.dtd">
<html xmlns="http://www.w3.org/1999/xhtml" xml:lang="en" lang="en">
 <head>
  <title>
</title>
<meta http-equiv="Content-Type" content="text/html;charset=utf-8" />
  <meta name='ocr-system' content='tesseract 3.04.00' />
  <meta name='ocr-capabilities' content='ocr_page ocr_carea ocr_par ocr_line ocrx_word'/>
</head>
<body>
  <div class='ocr_page' id='page_1' title='image "./patrologiasyria02grafgoog_0337.png"; bbox 0 0 4108 6458; ppageno 0'>
   <div class='ocr_carea' id='block_1_1' title="bbox 371 461 1709 534">
    <p class='ocr_par' dir='ltr' id='par_1_1' title="bbox 371 461 1709 534">
     <span class='ocr_line' id='line_1_1' title="bbox 371 461 1709 534; baseline 0.007 -9"><span class='ocrx_word' id='word_1_1' title='bbox 371 463 426 526; x_wconf 83' lang='lat' dir='ltr'><strong>DE</strong></span> <span class='ocrx_word' id='word_1_2' title='bbox 448 461 549 527; x_wconf 88' lang='lat' dir='ltr'><strong>VITA</strong></span> <span class='ocrx_word' id='word_1_3' title='bbox 571 464 625 528; x_wconf 87' lang='lat' dir='ltr'><strong>ET</strong></span> <span class='ocrx_word' id='word_1_4' title='bbox 649 464 841 529; x_wconf 85' lang='lat' dir='ltr'><strong>SCRIPTIS</strong></span> <span class='ocrx_word' id='word_1_5' title='bbox 865 465 899 529; x_wconf 91' lang='lat' dir='ltr'><strong>S.</strong></span> <span class='ocrx_word' id='word_1_6' title='bbox 924 464 1126 529; x_wconf 84' lang='lat' dir='ltr'><strong>SllllEONlS</strong></span> <span class='ocrx_word' id='word_1_7' title='bbox 1148 464 1234 528; x_wconf 84' lang='lat' dir='ltr'><strong>BAR</strong></span> <span class='ocrx_word' id='word_1_8' title='bbox 1257 463 1443 529; x_wconf 85' lang='lat' dir='ltr'><strong>SABBA&#39;E.</strong></span> <span class='ocrx_word' id='word_1_9' title='bbox 1650 477 1709 534; x_wconf 83' lang='lat'><strong>675</strong></span> 
     </span>
    </p>
   </div>
   <div class='ocr_carea' id='block_1_2' title="bbox 112 650 1715 2454">
    <p class='ocr_par' dir='ltr' id='par_1_2' title="bbox 112 650 1711 1815">
     <span class='ocr_line' id='line_1_2' title="bbox 115 650 1708 757; baseline 0.006 -35"><span class='ocrx_word' id='word_1_10' title='bbox 115 650 152 722; x_wconf 92' lang='lat' dir='ltr'><strong>in</strong></span> <span class='ocrx_word' id='word_1_11' title='bbox 180 650 303 749; x_wconf 88' lang='lat' dir='ltr'><strong>aliqua</strong></span> <span class='ocrx_word' id='word_1_12' title='bbox 331 676 442 724; x_wconf 89' lang='lat' dir='ltr'><strong>causa</strong></span> <span class='ocrx_word' id='word_1_13' title='bbox 466 652 716 726; x_wconf 89' lang='lat' dir='ltr'><strong>ecclesiastica</strong></span> <span class='ocrx_word' id='word_1_14' title='bbox 743 651 1014 752; x_wconf 89' lang='lat' dir='ltr'><strong>postulabatur;</strong></span> <span class='ocrx_word' id='word_1_15' title='bbox 1041 652 1112 725; x_wconf 90' lang='lat' dir='ltr'><strong>loci</strong></span> <span class='ocrx_word' id='word_1_16' title='bbox 1139 678 1282 751; x_wconf 88' lang='lat' dir='ltr'><strong>quoque</strong></span> <span class='ocrx_word' id='word_1_17' title='bbox 1310 653 1385 739; x_wconf 89' lang='lat' dir='ltr'><strong>alii,</strong></span> <span class='ocrx_word' id='word_1_18' title='bbox 1411 681 1503 753; x_wconf 91' lang='lat' dir='ltr'><strong>quos</strong></span> <span class='ocrx_word' id='word_1_19' title='bbox 1530 656 1708 757; x_wconf 91' lang='lat' dir='ltr'><strong>incapite</strong></span> 
     </span>
     <span class='ocr_line' id='line_1_3' title="bbox 113 783 1709 886; baseline 0.006 -31"><span class='ocrx_word' id='word_1_20' title='bbox 113 783 222 856; x_wconf 87' lang='lat' dir='ltr'><strong>tertio</strong></span> <span class='ocrx_word' id='word_1_21' title='bbox 249 784 530 857; x_wconf 83' lang='lat' dir='ltr'><strong>introductionis</strong></span> <span class='ocrx_word' id='word_1_22' title='bbox 554 785 788 886; x_wconf 81' lang='lat' dir='ltr'><strong>collegimus,</strong></span> <span class='ocrx_word' id='word_1_23' title='bbox 810 786 1165 859; x_wconf 89' lang='lat' dir='ltr'><strong>turbulentissimum</strong></span> <span class='ocrx_word' id='word_1_24' title='bbox 1192 798 1327 859; x_wconf 90' lang='lat' dir='ltr'><strong>statum</strong></span> <span class='ocrx_word' id='word_1_25' title='bbox 1348 787 1524 860; x_wconf 87' lang='lat' dir='ltr'><strong>ecclesiae</strong></span> <span class='ocrx_word' id='word_1_26' title='bbox 1546 789 1709 864; x_wconf 79' lang='lat' dir='ltr'><strong>Orientis</strong></span> 
     </span>
     <span class='ocr_line' id='line_1_4' title="bbox 114 917 1710 1020; baseline 0.006 -32"><span class='ocrx_word' id='word_1_27' title='bbox 114 929 199 989; x_wconf 91' lang='lat' dir='ltr'><strong>ante</strong></span> <span class='ocrx_word' id='word_1_28' title='bbox 219 917 432 1015; x_wconf 90' lang='lat' dir='ltr'><strong>martyrium</strong></span> <span class='ocrx_word' id='word_1_29' title='bbox 449 918 631 991; x_wconf 86' lang='lat' dir='ltr'><strong>Simeonis</strong></span> <span class='ocrx_word' id='word_1_30' title='bbox 650 931 876 1018; x_wconf 91' lang='lat' dir='ltr'><strong>supponunt;</strong></span> <span class='ocrx_word' id='word_1_31' title='bbox 893 919 971 992; x_wconf 89' lang='lat' dir='ltr'><strong>iure</strong></span> <span class='ocrx_word' id='word_1_32' title='bbox 991 919 1105 1017; x_wconf 88' lang='lat' dir='ltr'><strong>igitur</strong></span> <span class='ocrx_word' id='word_1_33' title='bbox 1124 919 1308 992; x_wconf 77' lang='lat' dir='ltr'><strong>concludit</strong></span> <span class='ocrx_word' id='word_1_34' title='bbox 1327 922 1517 1019; x_wconf 89' lang='lat' dir='ltr'><strong>Agapetus</strong></span> <span class='ocrx_word' id='word_1_35' title='bbox 1537 948 1710 1020; x_wconf 90' lang='lat' dir='ltr'><strong>persecu-</strong></span> 
     </span>
     <span class='ocr_line' id='line_1_5' title="bbox 112 1049 1707 1155; baseline 0.004 -33"><span class='ocrx_word' id='word_1_36' title='bbox 112 1049 233 1123; x_wconf 86' lang='lat' dir='ltr'><strong>tiones</strong></span> <span class='ocrx_word' id='word_1_37' title='bbox 268 1076 313 1122; x_wconf 87' lang='lat' dir='ltr'><strong>ex</strong></span> <span class='ocrx_word' id='word_1_38' title='bbox 348 1050 595 1124; x_wconf 92' lang='lat' dir='ltr'><strong>inobedientia</strong></span> <span class='ocrx_word' id='word_1_39' title='bbox 624 1052 878 1150; x_wconf 91' lang='lat' dir='ltr'><strong>episcoporum</strong></span> <span class='ocrx_word' id='word_1_40' title='bbox 911 1052 1089 1125; x_wconf 87' lang='lat' dir='ltr'><strong>adversus</strong></span> <span class='ocrx_word' id='word_1_41' title='bbox 1120 1051 1349 1125; x_wconf 84' lang='lat' dir='ltr'><strong>Catholicum</strong></span> <span class='ocrx_word' id='word_1_42' title='bbox 1378 1066 1479 1126; x_wconf 91' lang='lat' dir='ltr'><strong>ortas</strong></span> <span class='ocrx_word' id='word_1_43' title='bbox 1513 1080 1594 1128; x_wconf 91' lang='lat' dir='ltr'><strong>esse</strong></span> <span class='ocrx_word' id='word_1_44' title='bbox 1631 1058 1707 1155; x_wconf 91' lang='lat' dir='ltr'><strong>qui,</strong></span> 
     </span>
     <span class='ocr_line' id='line_1_6' title="bbox 113 1183 1711 1281; baseline 0.004 -28"><span class='ocrx_word' id='word_1_45' title='bbox 113 1183 405 1281; x_wconf 84' lang='lat' dir='ltr'><strong>quandocunque</strong></span> <span class='ocrx_word' id='word_1_46' title='bbox 420 1183 538 1257; x_wconf 90' lang='lat' dir='ltr'><strong>eidem</strong></span> <span class='ocrx_word' id='word_1_47' title='bbox 558 1184 729 1257; x_wconf 89' lang='lat' dir='ltr'><strong>resistere</strong></span> <span class='ocrx_word' id='word_1_48' title='bbox 746 1183 929 1273; x_wconf 84' lang='lat' dir='ltr'><strong>volebant,</strong></span> <span class='ocrx_word' id='word_1_49' title='bbox 949 1184 1129 1258; x_wconf 91' lang='lat' dir='ltr'><strong>adiutorio</strong></span> <span class='ocrx_word' id='word_1_50' title='bbox 1145 1185 1284 1258; x_wconf 89' lang='lat' dir='ltr'><strong>brachii</strong></span> <span class='ocrx_word' id='word_1_51' title='bbox 1301 1187 1500 1259; x_wconf 89' lang='lat' dir='ltr'><strong>saecularis</strong></span> <span class='ocrx_word' id='word_1_52' title='bbox 1515 1188 1711 1262; x_wconf 88' lang='lat' dir='ltr'><strong>utebantur</strong></span> 
     </span>
     <span class='ocr_line' id='line_1_7' title="bbox 113 1311 1706 1418; baseline 0.006 -31"><span class='ocrx_word' id='word_1_53' title='bbox 113 1327 150 1387; x_wconf 92' lang='lat' dir='ltr'><strong>et</strong></span> <span class='ocrx_word' id='word_1_54' title='bbox 175 1314 241 1387; x_wconf 89' lang='lat' dir='ltr'><strong>tali</strong></span> <span class='ocrx_word' id='word_1_55' title='bbox 270 1315 409 1389; x_wconf 89' lang='lat' dir='ltr'><strong>ratione</strong></span> <span class='ocrx_word' id='word_1_56' title='bbox 438 1341 510 1390; x_wconf 92' lang='lat' dir='ltr'><strong>non</strong></span> <span class='ocrx_word' id='word_1_57' title='bbox 539 1317 656 1390; x_wconf 90' lang='lat' dir='ltr'><strong>solum</strong></span> <span class='ocrx_word' id='word_1_58' title='bbox 684 1312 900 1416; x_wconf 83' lang='lat' dir='ltr'><strong>religionem</strong></span> <span class='ocrx_word' id='word_1_59' title='bbox 927 1318 1172 1391; x_wconf 81' lang='lat' dir='ltr'><strong>Christianam</strong></span> <span class='ocrx_word' id='word_1_60' title='bbox 1196 1320 1420 1417; x_wconf 90' lang='lat' dir='ltr'><strong>contemptui</strong></span> <span class='ocrx_word' id='word_1_61' title='bbox 1448 1311 1706 1418; x_wconf 84' lang='lat' dir='ltr'><strong>exposuerunt,</strong></span> 
     </span>
     <span class='ocr_line' id='line_1_8' title="bbox 113 1447 1710 1550; baseline 0.006 -31"><span class='ocrx_word' id='word_1_62' title='bbox 113 1447 180 1521; x_wconf 90' lang='lat' dir='ltr'><strong>sed</strong></span> <span class='ocrx_word' id='word_1_63' title='bbox 205 1448 314 1521; x_wconf 88' lang='lat' dir='ltr'><strong>etiam</strong></span> <span class='ocrx_word' id='word_1_64' title='bbox 336 1448 486 1548; x_wconf 87' lang='lat' dir='ltr'><strong>regibus</strong></span> <span class='ocrx_word' id='word_1_65' title='bbox 512 1475 638 1523; x_wconf 88' lang='lat' dir='ltr'><strong>ansam</strong></span> <span class='ocrx_word' id='word_1_66' title='bbox 658 1450 837 1524; x_wconf 91' lang='lat' dir='ltr'><strong>dederunt</strong></span> <span class='ocrx_word' id='word_1_67' title='bbox 860 1464 900 1523; x_wconf 93' lang='lat' dir='ltr'><strong>ut</strong></span> <span class='ocrx_word' id='word_1_68' title='bbox 925 1477 964 1523; x_wconf 89' lang='lat' dir='ltr'><strong>se</strong></span> <span class='ocrx_word' id='word_1_69' title='bbox 991 1452 1281 1550; x_wconf 85' lang='lat' dir='ltr'><strong>incompetenter</strong></span> <span class='ocrx_word' id='word_1_70' title='bbox 1300 1452 1337 1523; x_wconf 91' lang='lat' dir='ltr'><strong>in</strong></span> <span class='ocrx_word' id='word_1_71' title='bbox 1362 1477 1421 1525; x_wconf 91' lang='lat' dir='ltr'><strong>res</strong></span> <span class='ocrx_word' id='word_1_72' title='bbox 1441 1453 1710 1528; x_wconf 90' lang='lat' dir='ltr'><strong>ecclesiasticas</strong></span> 
     </span>
     <span class='ocr_line' id='line_1_9' title="bbox 113 1581 1711 1683; baseline 0.005 -30"><span class='ocrx_word' id='word_1_73' title='bbox 113 1581 375 1654; x_wconf 88' lang='lat' dir='ltr'><strong>immiscerent.</strong></span> <span class='ocrx_word' id='word_1_74' title='bbox 399 1582 506 1677; x_wconf 88' lang='lat' dir='ltr'><strong>Quod</strong></span> <span class='ocrx_word' id='word_1_75' title='bbox 526 1584 571 1655; x_wconf 92' lang='lat' dir='ltr'><strong>ad</strong></span> <span class='ocrx_word' id='word_1_76' title='bbox 591 1583 780 1656; x_wconf 84' lang='lat' dir='ltr'><strong>exordium</strong></span> <span class='ocrx_word' id='word_1_77' title='bbox 798 1585 1064 1683; x_wconf 82' lang='lat' dir='ltr'><strong>persecutionis</strong></span> <span class='ocrx_word' id='word_1_78' title='bbox 1084 1584 1228 1671; x_wconf 83' lang='lat' dir='ltr'><strong>attinet,</strong></span> <span class='ocrx_word' id='word_1_79' title='bbox 1252 1586 1487 1683; x_wconf 84' lang='lat' dir='ltr'><strong>quaestiones</strong></span> <span class='ocrx_word' id='word_1_80' title='bbox 1507 1587 1605 1665; x_wconf 86' lang='lat' dir='ltr'><strong>circa</strong></span> <span class='ocrx_word' id='word_1_81' title='bbox 1623 1613 1711 1661; x_wconf 88' lang='lat' dir='ltr'><strong>oan-</strong></span> 
     </span>
     <span class='ocr_line' id='line_1_10' title="bbox 114 1716 1221 1815; baseline 0.003 -29"><span class='ocrx_word' id='word_1_82' title='bbox 114 1740 194 1787; x_wconf 90' lang='lat' dir='ltr'><strong>sam</strong></span> <span class='ocrx_word' id='word_1_83' title='bbox 214 1728 251 1788; x_wconf 88' lang='lat' dir='ltr'><strong>et</strong></span> <span class='ocrx_word' id='word_1_84' title='bbox 269 1726 413 1813; x_wconf 91' lang='lat' dir='ltr'><strong>tempus</strong></span> <span class='ocrx_word' id='word_1_85' title='bbox 433 1716 630 1788; x_wconf 89' lang='lat' dir='ltr'><strong>earundem</strong></span> <span class='ocrx_word' id='word_1_86' title='bbox 645 1716 682 1787; x_wconf 92' lang='lat' dir='ltr'><strong>in</strong></span> <span class='ocrx_word' id='word_1_87' title='bbox 702 1716 821 1815; x_wconf 92' lang='lat' dir='ltr'><strong>capite</strong></span> <span class='ocrx_word' id='word_1_88' title='bbox 839 1718 948 1790; x_wconf 90' lang='lat' dir='ltr'><strong>tertio</strong></span> <span class='ocrx_word' id='word_1_89' title='bbox 968 1717 1221 1790; x_wconf 88' lang='lat' dir='ltr'><strong>discussimus.</strong></span> 
     </span>
    </p>

    <p class='ocr_par' dir='ltr' id='par_1_3' title="bbox 112 1848 1715 2454">
     <span class='ocr_line' id='line_1_11' title="bbox 189 1848 1712 1938; baseline 0.005 -19"><span class='ocrx_word' id='word_1_90' title='bbox 189 1848 310 1920; x_wconf 88' lang='lat' dir='ltr'><strong>Etiam</strong></span> <span class='ocrx_word' id='word_1_91' title='bbox 330 1848 529 1920; x_wconf 92' lang='lat' dir='ltr'><strong>notandum</strong></span> <span class='ocrx_word' id='word_1_92' title='bbox 545 1863 613 1933; x_wconf 90' lang='lat' dir='ltr'><strong>est,</strong></span> <span class='ocrx_word' id='word_1_93' title='bbox 636 1849 736 1922; x_wconf 86' lang='lat' dir='ltr'><strong>iuxta</strong></span> <span class='ocrx_word' id='word_1_94' title='bbox 754 1850 1034 1938; x_wconf 87' lang='lat' dir='ltr'><strong>Barhebraeum,</strong></span> <span class='ocrx_word' id='word_1_95' title='bbox 1053 1852 1091 1921; x_wconf 90' lang='lat' dir='ltr'><strong>S.</strong></span> <span class='ocrx_word' id='word_1_96' title='bbox 1111 1851 1317 1924; x_wconf 88' lang='lat' dir='ltr'><strong>Simeonem</strong></span> <span class='ocrx_word' id='word_1_97' title='bbox 1336 1852 1551 1938; x_wconf 90' lang='lat' dir='ltr'><strong>instituisse,</strong></span> <span class='ocrx_word' id='word_1_98' title='bbox 1569 1868 1607 1926; x_wconf 87' lang='lat' dir='ltr'><strong>at</strong></span> <span class='ocrx_word' id='word_1_99' title='bbox 1625 1858 1712 1927; x_wconf 79' lang='lat' dir='ltr'><strong>drac-</strong></span> 
     </span>
     <span class='ocr_line' id='line_1_12' title="bbox 114 1984 1713 2078; baseline 0.006 -27"><span class='ocrx_word' id='word_1_100' title='bbox 114 1985 176 2053; x_wconf 84' lang='lat' dir='ltr'><strong>has</strong></span> <span class='ocrx_word' id='word_1_101' title='bbox 196 1984 307 2053; x_wconf 83' lang='lat' dir='ltr'><strong>choris</strong></span> <span class='ocrx_word' id='word_1_102' title='bbox 326 1986 494 2054; x_wconf 83' lang='lat' dir='ltr'><strong>orationes</strong></span> <span class='ocrx_word' id='word_1_103' title='bbox 512 1986 631 2077; x_wconf 79' lang='lat' dir='ltr'><strong>fierent</strong></span> <span class='ocrx_word' id='word_1_104' title='bbox 649 1987 687 2054; x_wconf 88' lang='lat' dir='ltr'><strong>in</strong></span> <span class='ocrx_word' id='word_1_105' title='bbox 706 1986 854 2055; x_wconf 83' lang='lat' dir='ltr'><strong>ecclesiis</strong></span> <span class='ocrx_word' id='word_1_106' title='bbox 875 1986 1113 2069; x_wconf 81' lang='lat' dir='ltr'><strong>orientalibus,</strong></span> <span class='ocrx_word' id='word_1_107' title='bbox 1138 1987 1417 2078; x_wconf 82' lang='lat' dir='ltr'><strong>quemadmodem</strong></span> <span class='ocrx_word' id='word_1_108' title='bbox 1440 1989 1477 2057; x_wconf 80' lang='lat' dir='ltr'><strong>in</strong></span> <span class='ocrx_word' id='word_1_109' title='bbox 1498 1990 1673 2060; x_wconf 84' lang='lat' dir='ltr'><strong>Occidente</strong></span> <span class='ocrx_word' id='word_1_110' title='bbox 1690 2014 1713 2060; x_wconf 87' lang='lat' dir='ltr'><strong>a</strong></span> 
     </span>
     <span class='ocr_line' id='line_1_13' title="bbox 115 2092 1714 2213; baseline 0.004 -26"><span class='ocrx_word' id='word_1_111' title='bbox 115 2130 262 2209; x_wconf 83' lang='lat' dir='ltr'><strong>ternpore</strong></span> <span class='ocrx_word' id='word_1_112' title='bbox 283 2092 414 2207; x_wconf 72' lang='lat' dir='ltr'><strong>lactatii</strong></span> <span class='ocrx_word' id='word_1_113' title='bbox 434 2118 551 2209; x_wconf 75' lang='lat' dir='ltr'><strong>iquiti,</strong></span> <span class='ocrx_word' id='word_1_114' title='bbox 574 2118 737 2210; x_wconf 81' lang='lat' dir='ltr'><strong>discipali</strong></span> <span class='ocrx_word' id='word_1_115' title='bbox 754 2120 896 2188; x_wconf 86' lang='lat' dir='ltr'><strong>loannis</strong></span> <span class='ocrx_word' id='word_1_116' title='bbox 914 2120 1142 2210; x_wconf 64' lang='lat' dir='ltr'><strong>evangelistae</strong></span> <span class='ocrx_word' id='word_1_117' title='bbox 1160 2121 1325 2189; x_wconf 79' lang='lat' dir='ltr'><strong>Zebedaei</strong></span> <span class='ocrx_word' id='word_1_118' title='bbox 1341 2121 1422 2212; x_wconf 81' lang='lat' dir='ltr'><strong>filii,</strong></span> <span class='ocrx_word' id='word_1_119' title='bbox 1440 2123 1554 2213; x_wconf 75' lang='lat' dir='ltr'><strong>sacret</strong></span> <span class='ocrx_word' id='word_1_120' title='bbox 1569 2124 1714 2194; x_wconf 83' lang='lat' dir='ltr'><strong>instita·</strong></span> 
     </span>
     <span class='ocr_line' id='line_1_14' title="bbox 114 2251 1715 2347; baseline 0.004 -27"><span class='ocrx_word' id='word_1_121' title='bbox 114 2262 201 2320; x_wconf 81' lang='lat' dir='ltr'><strong>tam.</strong></span> <span class='ocrx_word' id='word_1_122' title='bbox 220 2251 371 2320; x_wconf 84' lang='lat' dir='ltr'><strong>Decrevit</strong></span> <span class='ocrx_word' id='word_1_123' title='bbox 384 2261 572 2342; x_wconf 86' lang='lat' dir='ltr'><strong>praeterea,</strong></span> <span class='ocrx_word' id='word_1_124' title='bbox 592 2262 631 2320; x_wconf 86' lang='lat' dir='ltr'><strong>at</strong></span> <span class='ocrx_word' id='word_1_125' title='bbox 645 2275 712 2321; x_wconf 86' lang='lat' dir='ltr'><strong>non</strong></span> <span class='ocrx_word' id='word_1_126' title='bbox 726 2275 772 2320; x_wconf 76' lang='lat' dir='ltr'><strong>em</strong></span> <span class='ocrx_word' id='word_1_127' title='bbox 791 2253 876 2323; x_wconf 84' lang='lat' dir='ltr'><strong>libro</strong></span> <span class='ocrx_word' id='word_1_128' title='bbox 892 2252 950 2322; x_wconf 82' lang='lat' dir='ltr'><strong>sed</strong></span> <span class='ocrx_word' id='word_1_129' title='bbox 964 2253 1283 2323; x_wconf 86' lang='lat' dir='ltr'><strong>memoriterclerici</strong></span> <span class='ocrx_word' id='word_1_130' title='bbox 1296 2254 1333 2322; x_wconf 83' lang='lat' dir='ltr'><strong>in</strong></span> <span class='ocrx_word' id='word_1_131' title='bbox 1350 2255 1467 2347; x_wconf 78' lang='lat' dir='ltr'><strong>officiis</strong></span> <span class='ocrx_word' id='word_1_132' title='bbox 1478 2257 1629 2347; x_wconf 84' lang='lat' dir='ltr'><strong>psalmos</strong></span> <span class='ocrx_word' id='word_1_133' title='bbox 1647 2260 1715 2326; x_wconf 76' lang='lat' dir='ltr'><strong>lla·</strong></span> 
     </span>
     <span class='ocr_line' id='line_1_15' title="bbox 112 2362 1352 2454; baseline -0.007 0"><span class='ocrx_word' id='word_1_134' title='bbox 112 2384 205 2454; x_wconf 52' lang='lat' dir='ltr'><strong>‘iridis</strong></span> <span class='ocrx_word' id='word_1_135' title='bbox 224 2385 405 2453; x_wconf 81' lang='lat' dir='ltr'><strong>recitarent</strong></span> <span class='ocrx_word' id='word_1_136' title='bbox 416 2385 441 2451; x_wconf 81' lang='lat'><strong>¹.</strong></span> <span class='ocrx_word' id='word_1_137' title='bbox 1351 2362 1352 2365; x_wconf 21' lang='lat'>¹</span> 
     </span>
    </p>
   </div>
   <div class='ocr_carea' id='block_1_3' title="bbox 191 2483 1709 2618">
    <p class='ocr_par' dir='ltr' id='par_1_4' title="bbox 191 2483 1709 2618">
     <span class='ocr_line' id='line_1_16' title="bbox 191 2483 1709 2618; baseline 0.005 -32"><span class='ocrx_word' id='word_1_138' title='bbox 191 2516 230 2586; x_wconf 90' lang='lat' dir='ltr'><strong>S.</strong></span> <span class='ocrx_word' id='word_1_139' title='bbox 250 2514 433 2612; x_wconf 88' lang='lat' dir='ltr'><strong>lgnatium</strong></span> <span class='ocrx_word' id='word_1_140' title='bbox 452 2513 656 2587; x_wconf 86' lang='lat' dir='ltr'><strong>instituisse</strong></span> <span class='ocrx_word' id='word_1_141' title='bbox 674 2515 914 2613; x_wconf 84' lang='lat' dir='ltr'><strong>psalmodiam</strong></span> <span class='ocrx_word' id='word_1_142' title='bbox 934 2515 972 2587; x_wconf 90' lang='lat' dir='ltr'><strong>in</strong></span> <span class='ocrx_word' id='word_1_143' title='bbox 992 2515 1122 2588; x_wconf 89' lang='lat' dir='ltr'><strong>choros</strong></span> <span class='ocrx_word' id='word_1_144' title='bbox 1142 2516 1235 2588; x_wconf 91' lang='lat' dir='ltr'><strong>duos</strong></span> <span class='ocrx_word' id='word_1_145' title='bbox 1254 2515 1409 2589; x_wconf 87' lang='lat' dir='ltr'><strong>divisam</strong></span> <span class='ocrx_word' id='word_1_146' title='bbox 1432 2518 1545 2591; x_wconf 89' lang='lat' dir='ltr'><strong>tradit</strong></span> <span class='ocrx_word' id='word_1_147' title='bbox 1565 2483 1709 2618; x_wconf 86' lang='lat' dir='ltr'><strong>quoque</strong></span> 
     </span>
    </p>
   </div>
   <div class='ocr_carea' id='block_1_4' title="bbox 105 2620 1715 4344">
    <p class='ocr_par' dir='ltr' id='par_1_5' title="bbox 110 2620 1715 3412">
     <span class='ocr_line' id='line_1_17' title="bbox 114 2620 1714 2743; baseline 0.004 -24"><span class='ocrx_word' id='word_1_148' title='bbox 114 2650 288 2720; x_wconf 88' lang='lat' dir='ltr'><strong>Socrates</strong></span> <span class='ocrx_word' id='word_1_149' title='bbox 304 2648 381 2742; x_wconf 86' lang='lat' dir='ltr'><strong>(Vl,</strong></span> <span class='ocrx_word' id='word_1_150' title='bbox 397 2648 446 2739; x_wconf 87' lang='lat'><strong>8),</strong></span> <span class='ocrx_word' id='word_1_151' title='bbox 464 2620 717 2721; x_wconf 79' lang='lat' dir='ltr'><strong>Theodoretus</strong></span> <span class='ocrx_word' id='word_1_152' title='bbox 730 2662 857 2721; x_wconf 91' lang='lat' dir='ltr'><strong>contra</strong></span> <span class='ocrx_word' id='word_1_153' title='bbox 870 2651 987 2743; x_wconf 74' lang='lat' dir='ltr'><strong>(Hirr,</strong></span> <span class='ocrx_word' id='word_1_154' title='bbox 1008 2650 1054 2742; x_wconf 89' lang='lat'><strong>11,</strong></span> <span class='ocrx_word' id='word_1_155' title='bbox 1071 2648 1128 2743; x_wconf 74' lang='lat'><strong>19)</strong></span> <span class='ocrx_word' id='word_1_156' title='bbox 1144 2648 1240 2721; x_wconf 91' lang='lat' dir='ltr'><strong>hunc</strong></span> <span class='ocrx_word' id='word_1_157' title='bbox 1254 2651 1408 2723; x_wconf 90' lang='lat' dir='ltr'><strong>canendi</strong></span> <span class='ocrx_word' id='word_1_158' title='bbox 1425 2650 1572 2723; x_wconf 90' lang='lat' dir='ltr'><strong>modum</strong></span> <span class='ocrx_word' id='word_1_159' title='bbox 1586 2653 1714 2726; x_wconf 93' lang='lat' dir='ltr'><strong>Antio·</strong></span> 
     </span>
     <span class='ocr_line' id='line_1_18' title="bbox 113 2776 1711 2881; baseline 0.003 -27"><span class='ocrx_word' id='word_1_160' title='bbox 113 2780 222 2854; x_wconf 88' lang='lat' dir='ltr'><strong>chiae</strong></span> <span class='ocrx_word' id='word_1_161' title='bbox 242 2805 264 2853; x_wconf 85' lang='lat' dir='ltr'><strong>a</strong></span> <span class='ocrx_word' id='word_1_162' title='bbox 283 2780 456 2853; x_wconf 79' lang='lat' dir='ltr'><strong>Flaviano</strong></span> <span class='ocrx_word' id='word_1_163' title='bbox 477 2793 512 2853; x_wconf 91' lang='lat' dir='ltr'><strong>et</strong></span> <span class='ocrx_word' id='word_1_164' title='bbox 537 2781 697 2854; x_wconf 88' lang='lat' dir='ltr'><strong>Diodoro</strong></span> <span class='ocrx_word' id='word_1_165' title='bbox 722 2781 854 2880; x_wconf 91' lang='lat' dir='ltr'><strong>repetit</strong></span> <span class='ocrx_word' id='word_1_166' title='bbox 877 2776 1021 2854; x_wconf 71' lang='lat' dir='ltr'><strong>vivente</strong></span> <span class='ocrx_word' id='word_1_167' title='bbox 1046 2783 1262 2855; x_wconf 89' lang='lat' dir='ltr'><strong>Constantio</strong></span> <span class='ocrx_word' id='word_1_168' title='bbox 1286 2781 1518 2881; x_wconf 90' lang='lat' dir='ltr'><strong>imperatore.</strong></span> <span class='ocrx_word' id='word_1_169' title='bbox 1542 2786 1711 2858; x_wconf 81' lang='lat' dir='ltr'><strong>Forsitan</strong></span> 
     </span>
     <span class='ocr_line' id='line_1_19' title="bbox 116 2913 1713 3014; baseline 0.003 -28"><span class='ocrx_word' id='word_1_170' title='bbox 116 2914 216 2986; x_wconf 88' lang='lat' dir='ltr'><strong>hunc</strong></span> <span class='ocrx_word' id='word_1_171' title='bbox 243 2913 397 2986; x_wconf 89' lang='lat' dir='ltr'><strong>canendi</strong></span> <span class='ocrx_word' id='word_1_172' title='bbox 422 2913 569 2985; x_wconf 92' lang='lat' dir='ltr'><strong>modum</strong></span> <span class='ocrx_word' id='word_1_173' title='bbox 595 2913 766 3014; x_wconf 90' lang='lat' dir='ltr'><strong>designat</strong></span> <span class='ocrx_word' id='word_1_174' title='bbox 792 2918 829 2985; x_wconf 94' lang='lat' dir='ltr'><strong>S.</strong></span> <span class='ocrx_word' id='word_1_175' title='bbox 852 2914 1083 3013; x_wconf 72' lang='lat' dir='ltr'><strong>Augustinus</strong></span> <span class='ocrx_word' id='word_1_176' title='bbox 1108 2920 1219 3008; x_wconf 71' lang='lat' dir='ltr'><strong>Cous„</strong></span> <span class='ocrx_word' id='word_1_177' title='bbox 1247 2917 1311 3000; x_wconf 90' lang='grc' dir='ltr'><strong>ΙΧ,</strong></span> <span class='ocrx_word' id='word_1_178' title='bbox 1335 2917 1370 3000; x_wconf 90' lang='grc'><strong>7,</strong></span> <span class='ocrx_word' id='word_1_179' title='bbox 1392 2916 1515 2989; x_wconf 91' lang='lat' dir='ltr'><strong>verbis</strong></span> <span class='ocrx_word' id='word_1_180' title='bbox 1538 2946 1545 2988; x_wconf 94' lang='lat'>:</span> <span class='ocrx_word' id='word_1_181' title='bbox 1571 2949 1588 2985; x_wconf 75' lang='lat' dir='ltr'><strong>a</strong></span> <span class='ocrx_word' id='word_1_182' title='bbox 1611 2921 1713 2991; x_wconf 87' lang='lat' dir='ltr'><strong>Tunc</strong></span> 
     </span>
     <span class='ocr_line' id='line_1_20' title="bbox 114 3046 1715 3148; baseline 0.002 -29"><span class='ocrx_word' id='word_1_183' title='bbox 114 3046 248 3146; x_wconf 89' lang='lat' dir='ltr'><strong>hymni</strong></span> <span class='ocrx_word' id='word_1_184' title='bbox 263 3059 302 3118; x_wconf 91' lang='lat' dir='ltr'><strong>ut</strong></span> <span class='ocrx_word' id='word_1_185' title='bbox 318 3059 535 3119; x_wconf 87' lang='lat' dir='ltr'><strong>cancrentur</strong></span> <span class='ocrx_word' id='word_1_186' title='bbox 553 3047 754 3118; x_wconf 89' lang='lat' dir='ltr'><strong>secundum</strong></span> <span class='ocrx_word' id='word_1_187' title='bbox 773 3072 911 3119; x_wconf 92' lang='lat' dir='ltr'><strong>morem</strong></span> <span class='ocrx_word' id='word_1_188' title='bbox 926 3046 1168 3121; x_wconf 89' lang='lat' dir='ltr'><strong>Orientalium</strong></span> <span class='ocrx_word' id='word_1_189' title='bbox 1188 3048 1358 3146; x_wconf 92' lang='lat' dir='ltr'><strong>partium,</strong></span> <span class='ocrx_word' id='word_1_190' title='bbox 1378 3074 1422 3120; x_wconf 94' lang='lat' dir='ltr'><strong>ne</strong></span> <span class='ocrx_word' id='word_1_191' title='bbox 1441 3049 1598 3148; x_wconf 92' lang='lat' dir='ltr'><strong>populus</strong></span> <span class='ocrx_word' id='word_1_192' title='bbox 1618 3076 1715 3123; x_wconf 91' lang='lat' dir='ltr'><strong>moe-</strong></span> 
     </span>
     <span class='ocr_line' id='line_1_21' title="bbox 111 3178 1714 3279; baseline 0.001 -25"><span class='ocrx_word' id='word_1_193' title='bbox 111 3179 211 3254; x_wconf 87' lang='lat' dir='ltr'><strong>roris</strong></span> <span class='ocrx_word' id='word_1_194' title='bbox 226 3179 348 3252; x_wconf 89' lang='lat' dir='ltr'><strong>taedio</strong></span> <span class='ocrx_word' id='word_1_195' title='bbox 364 3178 653 3266; x_wconf 86' lang='lat' dir='ltr'><strong>contabesceret,</strong></span> <span class='ocrx_word' id='word_1_196' title='bbox 672 3179 879 3252; x_wconf 87' lang='lat' dir='ltr'><strong>institutum</strong></span> <span class='ocrx_word' id='word_1_197' title='bbox 894 3192 950 3253; x_wconf 89' lang='lat' dir='ltr'><strong>est</strong></span> <span class='ocrx_word' id='word_1_198' title='bbox 968 3210 985 3246; x_wconf 78' lang='lat' dir='ltr'><strong>n</strong></span> <span class='ocrx_word' id='word_1_199' title='bbox 1004 3180 1158 3273; x_wconf 88' lang='lat' dir='ltr'><strong>(scilicet</strong></span> <span class='ocrx_word' id='word_1_200' title='bbox 1173 3180 1384 3267; x_wconf 85' lang='lat' dir='ltr'><strong>Mediolani,</strong></span> <span class='ocrx_word' id='word_1_201' title='bbox 1403 3181 1547 3279; x_wconf 89' lang='lat' dir='ltr'><strong>quando</strong></span> <span class='ocrx_word' id='word_1_202' title='bbox 1572 3185 1607 3255; x_wconf 94' lang='lat' dir='ltr'><strong>S.</strong></span> <span class='ocrx_word' id='word_1_203' title='bbox 1628 3183 1714 3255; x_wconf 91' lang='lat' dir='ltr'><strong>Am-</strong></span> 
     </span>
     <span class='ocr_line' id='line_1_22' title="bbox 110 3300 1327 3412; baseline -0.001 -26"><span class='ocrx_word' id='word_1_204' title='bbox 110 3300 281 3386; x_wconf 83' lang='lat' dir='ltr'><strong>brosium</strong></span> <span class='ocrx_word' id='word_1_205' title='bbox 301 3313 450 3397; x_wconf 89' lang='lat' dir='ltr'><strong>lustina,</strong></span> <span class='ocrx_word' id='word_1_206' title='bbox 475 3311 723 3385; x_wconf 88' lang='lat' dir='ltr'><strong>Valentiniani</strong></span> <span class='ocrx_word' id='word_1_207' title='bbox 743 3313 842 3412; x_wconf 89' lang='lat' dir='ltr'><strong>regis</strong></span> <span class='ocrx_word' id='word_1_208' title='bbox 862 3324 991 3398; x_wconf 90' lang='lat' dir='ltr'><strong>mater,</strong></span> <span class='ocrx_word' id='word_1_209' title='bbox 1013 3313 1327 3412; x_wconf 88' lang='lat' dir='ltr'><strong>persequebatur).</strong></span> 
     </span>
    </p>

    <p class='ocr_par' dir='ltr' id='par_1_6' title="bbox 105 3442 1715 4344">
     <span class='ocr_line' id='line_1_23' title="bbox 191 3442 1712 3544; baseline 0.003 -27"><span class='ocrx_word' id='word_1_210' title='bbox 191 3445 329 3518; x_wconf 87' lang='lat' dir='ltr'><strong>Montio</strong></span> <span class='ocrx_word' id='word_1_211' title='bbox 349 3445 389 3518; x_wconf 89' lang='lat' dir='ltr'><strong>fit</strong></span> <span class='ocrx_word' id='word_1_212' title='bbox 409 3448 447 3518; x_wconf 90' lang='lat' dir='ltr'><strong>S.</strong></span> <span class='ocrx_word' id='word_1_213' title='bbox 471 3442 651 3518; x_wconf 91' lang='lat' dir='ltr'><strong>Simeonis</strong></span> <span class='ocrx_word' id='word_1_214' title='bbox 670 3445 708 3517; x_wconf 94' lang='lat' dir='ltr'><strong>in</strong></span> <span class='ocrx_word' id='word_1_215' title='bbox 727 3445 831 3518; x_wconf 89' lang='lat' dir='ltr'><strong>Actis</strong></span> <span class='ocrx_word' id='word_1_216' title='bbox 850 3460 1050 3544; x_wconf 88' lang='lat' dir='ltr'><strong>martyrum</strong></span> <span class='ocrx_word' id='word_1_217' title='bbox 1074 3451 1144 3519; x_wconf 79' lang='lat' dir='ltr'><strong>Trir</strong></span> <span class='ocrx_word' id='word_1_218' title='bbox 1162 3447 1351 3520; x_wconf 80' lang='lat' dir='ltr'><strong>Br&#39;aia²a</strong></span> <span class='ocrx_word' id='word_1_219' title='bbox 1371 3446 1523 3520; x_wconf 85' lang='lat' dir='ltr'><strong>Rnhban</strong></span> <span class='ocrx_word' id='word_1_220' title='bbox 1544 3447 1712 3522; x_wconf 87' lang='lat' dir='ltr'><strong>Gabriele</strong></span> 
     </span>
     <span class='ocr_line' id='line_1_24' title="bbox 109 3576 1714 3679; baseline 0.001 -27"><span class='ocrx_word' id='word_1_221' title='bbox 109 3578 316 3653; x_wconf 82' lang='lat' dir='ltr'><strong>monacho³</strong></span> <span class='ocrx_word' id='word_1_222' title='bbox 333 3577 543 3652; x_wconf 88' lang='lat' dir='ltr'><strong>monasterii</strong></span> <span class='ocrx_word' id='word_1_223' title='bbox 556 3579 623 3650; x_wconf 89' lang='lat' dir='ltr'><strong>Bet</strong></span> <span class='ocrx_word' id='word_1_224' title='bbox 643 3576 731 3649; x_wconf 77' lang='lat' dir='ltr'><strong>‘Aba</strong></span> <span class='ocrx_word' id='word_1_225' title='bbox 748 3578 973 3677; x_wconf 91' lang='lat' dir='ltr'><strong>compositis,</strong></span> <span class='ocrx_word' id='word_1_226' title='bbox 989 3578 1052 3651; x_wconf 92' lang='lat' dir='ltr'><strong>ubi</strong></span> <span class='ocrx_word' id='word_1_227' title='bbox 1063 3590 1232 3652; x_wconf 90' lang='lat' dir='ltr'><strong>narratur</strong></span> <span class='ocrx_word' id='word_1_228' title='bbox 1248 3582 1424 3679; x_wconf 89' lang='lat' dir='ltr'><strong>Saporem</strong></span> <span class='ocrx_word' id='word_1_229' title='bbox 1441 3606 1567 3679; x_wconf 89' lang='lat' dir='ltr'><strong>regem</strong></span> <span class='ocrx_word' id='word_1_230' title='bbox 1585 3583 1714 3654; x_wconf 78' lang='lat' dir='ltr'><strong>Gusta-</strong></span> 
     </span>
     <span class='ocr_line' id='line_1_25' title="bbox 108 3685 1711 3820; baseline 0 -34"><span class='ocrx_word' id='word_1_231' title='bbox 108 3713 183 3786; x_wconf 89' lang='lat' dir='ltr'><strong>zad</strong></span> <span class='ocrx_word' id='word_1_232' title='bbox 198 3715 339 3785; x_wconf 85' lang='lat' dir='ltr'><strong>electum</strong></span> <span class='ocrx_word' id='word_1_233' title='bbox 353 3736 434 3784; x_wconf 91' lang='lat' dir='ltr'><strong>cnm</strong></span> <span class='ocrx_word' id='word_1_234' title='bbox 452 3710 535 3784; x_wconf 92' lang='lat' dir='ltr'><strong>aliis</strong></span> <span class='ocrx_word' id='word_1_235' title='bbox 550 3724 690 3808; x_wconf 88' lang='lat' dir='ltr'><strong>septem</strong></span> <span class='ocrx_word' id='word_1_236' title='bbox 706 3685 939 3785; x_wconf 79' lang='lat' dir='ltr'><strong>cursoribns⁸</strong></span> <span class='ocrx_word' id='word_1_237' title='bbox 955 3712 1114 3799; x_wconf 88' lang='lat' dir='ltr'><strong>misisse,</strong></span> <span class='ocrx_word' id='word_1_238' title='bbox 1128 3712 1189 3810; x_wconf 91' lang='lat' dir='ltr'><strong>qui</strong></span> <span class='ocrx_word' id='word_1_239' title='bbox 1204 3713 1332 3786; x_wconf 92' lang='lat' dir='ltr'><strong>Sultan</strong></span> <span class='ocrx_word' id='word_1_240' title='bbox 1348 3712 1509 3786; x_wconf 86' lang='lat' dir='ltr'><strong>Mahdnk</strong></span> <span class='ocrx_word' id='word_1_241' title='bbox 1520 3761 1615 3813; x_wconf 53' lang='grc' dir='ltr'><strong>,ψ</strong></span> <span class='ocrx_word' id='word_1_242' title='bbox 1633 3752 1711 3820; x_wconf 44' lang='grc' dir='ltr'><strong>,μὴ</strong></span> 
     </span>
     <span class='ocr_line' id='line_1_26' title="bbox 106 3844 1715 3945; baseline -0.001 -26"><span class='ocrx_word' id='word_1_243' title='bbox 106 3846 229 3919; x_wconf 90' lang='lat' dir='ltr'><strong>filiam</strong></span> <span class='ocrx_word' id='word_1_244' title='bbox 249 3844 367 3945; x_wconf 88' lang='lat' dir='ltr'><strong>reguli</strong></span> <span class='ocrx_word' id='word_1_245' title='bbox 388 3844 495 3916; x_wconf 78' lang='lat' dir='ltr'><strong>Phlar</strong></span> <span class='ocrx_word' id='word_1_246' title='bbox 515 3881 574 3930; x_wconf 59' lang='lat' dir='ltr'><strong>a„</strong></span> <span class='ocrx_word' id='word_1_247' title='bbox 591 3846 731 3917; x_wconf 88' lang='lat' dir='ltr'><strong>Dursas</strong></span> <span class='ocrx_word' id='word_1_248' title='bbox 748 3881 846 3938; x_wconf 53' lang='lat' dir='ltr'><strong>„a</strong></span> <span class='ocrx_word' id='word_1_249' title='bbox 865 3845 1029 3943; x_wconf 90' lang='lat' dir='ltr'><strong>regionis</strong></span> <span class='ocrx_word' id='word_1_250' title='bbox 1053 3845 1122 3918; x_wconf 92' lang='lat' dir='ltr'><strong>sibi</strong></span> <span class='ocrx_word' id='word_1_251' title='bbox 1148 3846 1380 3919; x_wconf 91' lang='lat' dir='ltr'><strong>matrimonio</strong></span> <span class='ocrx_word' id='word_1_252' title='bbox 1400 3847 1626 3945; x_wconf 90' lang='lat' dir='ltr'><strong>iungendam</strong></span> <span class='ocrx_word' id='word_1_253' title='bbox 1649 3848 1715 3920; x_wconf 88' lang='lat' dir='ltr'><strong>ad-</strong></span> 
     </span>
     <span class='ocr_line' id='line_1_27' title="bbox 107 3978 1715 4078; baseline -0.001 -25"><span class='ocrx_word' id='word_1_254' title='bbox 107 3981 306 4053; x_wconf 90' lang='lat' dir='ltr'><strong>ducerent.</strong></span> <span class='ocrx_word' id='word_1_255' title='bbox 325 3980 417 4052; x_wconf 90' lang='lat' dir='ltr'><strong>Cum</strong></span> <span class='ocrx_word' id='word_1_256' title='bbox 435 3991 556 4051; x_wconf 89' lang='lat' dir='ltr'><strong>autem</strong></span> <span class='ocrx_word' id='word_1_257' title='bbox 577 3980 725 4063; x_wconf 87' lang='lat' dir='ltr'><strong>Sancta,</strong></span> <span class='ocrx_word' id='word_1_258' title='bbox 743 4003 836 4076; x_wconf 88' lang='lat' dir='ltr'><strong>quae</strong></span> <span class='ocrx_word' id='word_1_259' title='bbox 850 4004 924 4051; x_wconf 88' lang='lat' dir='ltr'><strong>una</strong></span> <span class='ocrx_word' id='word_1_260' title='bbox 939 4003 1021 4051; x_wconf 90' lang='lat' dir='ltr'><strong>cum</strong></span> <span class='ocrx_word' id='word_1_261' title='bbox 1040 3978 1214 4051; x_wconf 88' lang='lat' dir='ltr'><strong>fratribus</strong></span> <span class='ocrx_word' id='word_1_262' title='bbox 1235 3978 1378 4052; x_wconf 91' lang='lat' dir='ltr'><strong>duobus</strong></span> <span class='ocrx_word' id='word_1_263' title='bbox 1395 3979 1431 4051; x_wconf 93' lang='lat' dir='ltr'><strong>in</strong></span> <span class='ocrx_word' id='word_1_264' title='bbox 1451 4005 1607 4053; x_wconf 88' lang='lat' dir='ltr'><strong>caverna</strong></span> <span class='ocrx_word' id='word_1_265' title='bbox 1628 4006 1715 4078; x_wconf 94' lang='lat' dir='ltr'><strong>qua-</strong></span> 
     </span>
     <span class='ocr_line' id='line_1_28' title="bbox 107 4110 1714 4210; baseline -0.001 -24"><span class='ocrx_word' id='word_1_266' title='bbox 107 4114 202 4186; x_wconf 85' lang='lat' dir='ltr'><strong>darn</strong></span> <span class='ocrx_word' id='word_1_267' title='bbox 222 4110 402 4197; x_wconf 88' lang='lat' dir='ltr'><strong>latitabat,</strong></span> <span class='ocrx_word' id='word_1_268' title='bbox 421 4110 661 4184; x_wconf 74' lang='lat' dir='ltr'><strong>Gustazadcm</strong></span> <span class='ocrx_word' id='word_1_269' title='bbox 684 4112 788 4210; x_wconf 91' lang='lat' dir='ltr'><strong>sequi</strong></span> <span class='ocrx_word' id='word_1_270' title='bbox 805 4123 1025 4198; x_wconf 88' lang='lat' dir='ltr'><strong>recusasset,</strong></span> <span class='ocrx_word' id='word_1_271' title='bbox 1045 4111 1228 4184; x_wconf 75' lang='lat' dir='ltr'><strong>Gustazad</strong></span> <span class='ocrx_word' id='word_1_272' title='bbox 1242 4110 1279 4183; x_wconf 89' lang='lat' dir='ltr'><strong>vi</strong></span> <span class='ocrx_word' id='word_1_273' title='bbox 1302 4137 1382 4185; x_wconf 87' lang='lat' dir='ltr'><strong>eam</strong></span> <span class='ocrx_word' id='word_1_274' title='bbox 1401 4111 1582 4186; x_wconf 88' lang='lat' dir='ltr'><strong>abducere</strong></span> <span class='ocrx_word' id='word_1_275' title='bbox 1603 4137 1714 4186; x_wconf 90' lang='lat' dir='ltr'><strong>cona-</strong></span> 
     </span>
     <span class='ocr_line' id='line_1_29' title="bbox 105 4242 1715 4344; baseline -0.001 -24"><span class='ocrx_word' id='word_1_276' title='bbox 105 4260 191 4333; x_wconf 90' lang='lat' dir='ltr'><strong>tur,</strong></span> <span class='ocrx_word' id='word_1_277' title='bbox 219 4245 284 4318; x_wconf 90' lang='lat' dir='ltr'><strong>sed</strong></span> <span class='ocrx_word' id='word_1_278' title='bbox 314 4244 528 4317; x_wconf 87' lang='lat' dir='ltr'><strong>mirabiliter</strong></span> <span class='ocrx_word' id='word_1_279' title='bbox 558 4242 755 4341; x_wconf 87' lang='lat' dir='ltr'><strong>impeditur</strong></span> <span class='ocrx_word' id='word_1_280' title='bbox 786 4258 895 4343; x_wconf 90' lang='lat' dir='ltr'><strong>atque</strong></span> <span class='ocrx_word' id='word_1_281' title='bbox 927 4270 995 4344; x_wconf 88' lang='lat' dir='ltr'><strong>per</strong></span> <span class='ocrx_word' id='word_1_282' title='bbox 1023 4243 1324 4317; x_wconf 90' lang='lat' dir='ltr'><strong>intercessionem</strong></span> <span class='ocrx_word' id='word_1_283' title='bbox 1354 4247 1511 4318; x_wconf 89' lang='lat' dir='ltr'><strong>Sanctae</strong></span> <span class='ocrx_word' id='word_1_284' title='bbox 1539 4272 1558 4318; x_wconf 90' lang='lat' dir='ltr'><strong>e</strong></span> <span class='ocrx_word' id='word_1_285' title='bbox 1587 4247 1715 4330; x_wconf 87' lang='lat' dir='ltr'><strong>morbo</strong></span> 
     </span>
    </p>
   </div>
   <div class='ocr_carea' id='block_1_5' title="bbox 101 4449 1717 5813">
    <p class='ocr_par' dir='ltr' id='par_1_7' title="bbox 101 4449 1716 5277">
     <span class='ocr_line' id='line_1_30' title="bbox 178 4449 1716 4536; baseline 0.005 -17"><span class='ocrx_word' id='word_1_286' title='bbox 178 4450 189 4488; x_wconf 82' lang='lat'><strong>⁴</strong></span> <span class='ocrx_word' id='word_1_287' title='bbox 206 4459 285 4525; x_wconf 55' lang='lat' dir='ltr'><strong>aa,</strong></span> <span class='ocrx_word' id='word_1_288' title='bbox 299 4456 400 4536; x_wconf 54' lang='lat' dir='ltr'><strong>..asu</strong></span> <span class='ocrx_word' id='word_1_289' title='bbox 412 4450 472 4520; x_wconf 59' lang='lat' dir='ltr'><strong>etta</strong></span> <span class='ocrx_word' id='word_1_290' title='bbox 486 4462 648 4533; x_wconf 50' lang='lat' dir='ltr'><strong>manea</strong></span> <span class='ocrx_word' id='word_1_291' title='bbox 663 4461 759 4527; x_wconf 64' lang='lat' dir='ltr'><strong>nas</strong></span> <span class='ocrx_word' id='word_1_292' title='bbox 772 4462 814 4529; x_wconf 59' lang='lat' dir='ltr'><strong>aa</strong></span> <span class='ocrx_word' id='word_1_293' title='bbox 825 4451 915 4526; x_wconf 59' lang='lat' dir='ltr'><strong>matt</strong></span> <span class='ocrx_word' id='word_1_294' title='bbox 929 4462 1039 4527; x_wconf 57' lang='lat' dir='ltr'><strong>cass</strong></span> <span class='ocrx_word' id='word_1_295' title='bbox 1056 4449 1122 4518; x_wconf 60' lang='lat' dir='ltr'><strong>ant</strong></span> <span class='ocrx_word' id='word_1_296' title='bbox 1139 4460 1227 4532; x_wconf 56' lang='lat' dir='ltr'><strong>aas,</strong></span> <span class='ocrx_word' id='word_1_297' title='bbox 1247 4452 1306 4534; x_wconf 55' lang='grc' dir='ltr'><strong>1οο</strong></span> <span class='ocrx_word' id='word_1_298' title='bbox 1322 4459 1395 4536; x_wconf 64' lang='lat' dir='ltr'><strong>sss</strong></span> <span class='ocrx_word' id='word_1_299' title='bbox 1414 4458 1490 4532; x_wconf 55' lang='lat' dir='ltr'><strong>aaa</strong></span> <span class='ocrx_word' id='word_1_300' title='bbox 1502 4454 1566 4526; x_wconf 61' lang='lat' dir='ltr'><strong>,aa</strong></span> <span class='ocrx_word' id='word_1_301' title='bbox 1585 4454 1653 4527; x_wconf 57' lang='lat' dir='ltr'><strong>att</strong></span> <span class='ocrx_word' id='word_1_302' title='bbox 1667 4458 1716 4517; x_wconf 75' lang='lat' dir='ltr'><strong>a..</strong></span> 
     </span>
     <span class='ocr_line' id='line_1_31' title="bbox 106 4554 1715 4644; baseline 0 -27"><span class='ocrx_word' id='word_1_303' title='bbox 106 4574 174 4644; x_wconf 62' lang='grc' dir='ltr'><strong>,1οῇ</strong></span> <span class='ocrx_word' id='word_1_304' title='bbox 195 4561 295 4628; x_wconf 56' lang='grc' dir='ltr'><strong>ιω</strong></span> <span class='ocrx_word' id='word_1_305' title='bbox 311 4568 429 4628; x_wconf 56' lang='lat' dir='ltr'><strong>aaa»</strong></span> <span class='ocrx_word' id='word_1_306' title='bbox 445 4567 529 4634; x_wconf 62' lang='grc' dir='ltr'><strong>,1μρ</strong></span> <span class='ocrx_word' id='word_1_307' title='bbox 544 4562 587 4627; x_wconf 63' lang='lat' dir='ltr'><strong>nst</strong></span> <span class='ocrx_word' id='word_1_308' title='bbox 602 4570 640 4632; x_wconf 67' lang='lat'><strong>,50</strong></span> <span class='ocrx_word' id='word_1_309' title='bbox 657 4560 681 4627; x_wconf 77' lang='lat' dir='ltr'><strong>ti</strong></span> <span class='ocrx_word' id='word_1_310' title='bbox 700 4561 778 4626; x_wconf 57' lang='lat' dir='ltr'><strong>stas</strong></span> <span class='ocrx_word' id='word_1_311' title='bbox 795 4562 836 4632; x_wconf 57' lang='grc' dir='ltr'><strong>αἱ,</strong></span> <span class='ocrx_word' id='word_1_312' title='bbox 850 4562 976 4641; x_wconf 56' lang='lat' dir='ltr'><strong>fatto„</strong></span> <span class='ocrx_word' id='word_1_313' title='bbox 998 4568 1062 4626; x_wconf 65' lang='lat' dir='ltr'><strong>..st</strong></span> <span class='ocrx_word' id='word_1_314' title='bbox 1081 4569 1107 4624; x_wconf 63' lang='lat' dir='ltr'><strong>es</strong></span> <span class='ocrx_word' id='word_1_315' title='bbox 1125 4558 1295 4638; x_wconf 48' lang='grc' dir='ltr'><strong>Μή.</strong></span> <span class='ocrx_word' id='word_1_316' title='bbox 1311 4554 1528 4618; x_wconf 87' lang='lat' dir='ltr'><strong>Psalmodiam</strong></span> <span class='ocrx_word' id='word_1_317' title='bbox 1550 4556 1715 4619; x_wconf 89' lang='lat' dir='ltr'><strong>alternatis</strong></span> 
     </span>
     <span class='ocr_line' id='line_1_32' title="bbox 104 4660 1713 4748; baseline -0.004 -18"><span class='ocrx_word' id='word_1_318' title='bbox 104 4663 227 4730; x_wconf 84' lang='lat' dir='ltr'><strong>choris</strong></span> <span class='ocrx_word' id='word_1_319' title='bbox 241 4663 418 4726; x_wconf 87' lang='lat' dir='ltr'><strong>instituisse</strong></span> <span class='ocrx_word' id='word_1_320' title='bbox 429 4662 463 4726; x_wconf 94' lang='lat' dir='ltr'><strong>S.</strong></span> <span class='ocrx_word' id='word_1_321' title='bbox 478 4662 640 4748; x_wconf 86' lang='lat' dir='ltr'><strong>lgnatium</strong></span> <span class='ocrx_word' id='word_1_322' title='bbox 654 4663 746 4725; x_wconf 90' lang='lat' dir='ltr'><strong>docet</strong></span> <span class='ocrx_word' id='word_1_323' title='bbox 758 4662 854 4725; x_wconf 91' lang='lat' dir='ltr'><strong>etiam</strong></span> <span class='ocrx_word' id='word_1_324' title='bbox 869 4662 933 4724; x_wconf 85' lang='lat' dir='ltr'><strong>Bar</strong></span> <span class='ocrx_word' id='word_1_325' title='bbox 949 4661 1061 4736; x_wconf 85' lang='lat' dir='ltr'><strong>Salibi,</strong></span> <span class='ocrx_word' id='word_1_326' title='bbox 1076 4661 1131 4744; x_wconf 90' lang='lat' dir='ltr'><strong>qni</strong></span> <span class='ocrx_word' id='word_1_327' title='bbox 1146 4661 1178 4721; x_wconf 87' lang='lat' dir='ltr'><strong>in</strong></span> <span class='ocrx_word' id='word_1_328' title='bbox 1194 4660 1318 4724; x_wconf 87' lang='lat' dir='ltr'><strong>Comm.</strong></span> <span class='ocrx_word' id='word_1_329' title='bbox 1336 4662 1375 4723; x_wconf 86' lang='lat' dir='ltr'><strong>ad</strong></span> <span class='ocrx_word' id='word_1_330' title='bbox 1390 4661 1434 4724; x_wconf 90' lang='lat' dir='ltr'><strong>M.</strong></span> <span class='ocrx_word' id='word_1_331' title='bbox 1449 4662 1713 4743; x_wconf 80' lang='lat' dir='ltr'><strong>xv111,10(llunt.</strong></span> 
     </span>
     <span class='ocr_line' id='line_1_33' title="bbox 105 4767 1714 4853; baseline 0.002 -17"><span class='ocrx_word' id='word_1_332' title='bbox 105 4778 172 4836; x_wconf 83' lang='lat'><strong>297</strong></span> <span class='ocrx_word' id='word_1_333' title='bbox 191 4770 216 4839; x_wconf 73' lang='lat' dir='ltr'><strong>f.</strong></span> <span class='ocrx_word' id='word_1_334' title='bbox 228 4772 308 4851; x_wconf 59' lang='lat' dir='ltr'><strong>test)</strong></span> <span class='ocrx_word' id='word_1_335' title='bbox 319 4769 357 4833; x_wconf 91' lang='lat' dir='ltr'><strong>de</strong></span> <span class='ocrx_word' id='word_1_336' title='bbox 368 4789 468 4853; x_wconf 86' lang='lat' dir='ltr'><strong>puero</strong></span> <span class='ocrx_word' id='word_1_337' title='bbox 484 4790 502 4832; x_wconf 85' lang='lat' dir='ltr'><strong>a</strong></span> <span class='ocrx_word' id='word_1_338' title='bbox 517 4769 656 4833; x_wconf 90' lang='lat' dir='ltr'><strong>Domino</strong></span> <span class='ocrx_word' id='word_1_339' title='bbox 670 4770 702 4831; x_wconf 92' lang='lat' dir='ltr'><strong>in</strong></span> <span class='ocrx_word' id='word_1_340' title='bbox 719 4769 823 4831; x_wconf 88' lang='lat' dir='ltr'><strong>medio</strong></span> <span class='ocrx_word' id='word_1_341' title='bbox 838 4767 1068 4851; x_wconf 90' lang='lat' dir='ltr'><strong>discipulorum</strong></span> <span class='ocrx_word' id='word_1_342' title='bbox 1081 4767 1187 4850; x_wconf 89' lang='lat' dir='ltr'><strong>posito</strong></span> <span class='ocrx_word' id='word_1_343' title='bbox 1202 4767 1301 4830; x_wconf 78' lang='lat' dir='ltr'><strong>relect</strong></span> <span class='ocrx_word' id='word_1_344' title='bbox 1317 4790 1324 4829; x_wconf 76' lang='grc' dir='ltr'>ε</span> <span class='ocrx_word' id='word_1_345' title='bbox 1341 4782 1504 4852; x_wconf 47' lang='grc' dir='ltr'><strong>Μέμφις</strong></span> <span class='ocrx_word' id='word_1_346' title='bbox 1516 4770 1588 4845; x_wconf 48' lang='lat' dir='ltr'><strong>aad</strong></span> <span class='ocrx_word' id='word_1_347' title='bbox 1600 4783 1634 4844; x_wconf 62' lang='lat' dir='ltr'><strong>ei</strong></span> <span class='ocrx_word' id='word_1_348' title='bbox 1647 4780 1714 4846; x_wconf 50' lang='lat'><strong>*²1⁵1</strong></span> 
     </span>
     <span class='ocr_line' id='line_1_34' title="bbox 103 4875 1714 4969; baseline -0.001 -23"><span class='ocrx_word' id='word_1_349' title='bbox 103 4878 181 4945; x_wconf 86' lang='lat' dir='ltr'><strong>Alii</strong></span> <span class='ocrx_word' id='word_1_350' title='bbox 198 4881 262 4969; x_wconf 67' lang='lat'>&#39;¹2³³</span> <span class='ocrx_word' id='word_1_351' title='bbox 273 4881 354 4942; x_wconf 53' lang='lat' dir='ltr'><strong>a&amp;</strong></span> <span class='ocrx_word' id='word_1_352' title='bbox 365 4887 441 4959; x_wconf 48' lang='lat' dir='ltr'><strong>et&amp;</strong></span> <span class='ocrx_word' id='word_1_353' title='bbox 455 4881 535 4953; x_wconf 47' lang='lat' dir='ltr'><strong>,ab</strong></span> <span class='ocrx_word' id='word_1_354' title='bbox 552 4890 659 4954; x_wconf 60' lang='lat' dir='ltr'><strong>sextat</strong></span> <span class='ocrx_word' id='word_1_355' title='bbox 675 4882 750 4947; x_wconf 52' lang='lat' dir='ltr'><strong>tatis</strong></span> <span class='ocrx_word' id='word_1_356' title='bbox 764 4889 799 4946; x_wconf 80' lang='lat' dir='ltr'><strong>rt-</strong></span> <span class='ocrx_word' id='word_1_357' title='bbox 811 4883 860 4942; x_wconf 61' lang='lat' dir='ltr'><strong>tw</strong></span> <span class='ocrx_word' id='word_1_358' title='bbox 877 4879 1013 4951; x_wconf 55' lang='lat' dir='ltr'><strong>ute-lvio</strong></span> <span class='ocrx_word' id='word_1_359' title='bbox 1028 4883 1128 4950; x_wconf 60' lang='grc'><strong>01306</strong></span> <span class='ocrx_word' id='word_1_360' title='bbox 1147 4887 1188 4944; x_wconf 68' lang='lat' dir='ltr'><strong>Aa</strong></span> <span class='ocrx_word' id='word_1_361' title='bbox 1205 4878 1276 4951; x_wconf 57' lang='grc'><strong>’,506</strong></span> <span class='ocrx_word' id='word_1_362' title='bbox 1293 4876 1341 4950; x_wconf 63' lang='lat' dir='ltr'><strong>oh</strong></span> <span class='ocrx_word' id='word_1_363' title='bbox 1361 4887 1395 4941; x_wconf 67' lang='lat' dir='ltr'><strong>«t</strong></span> <span class='ocrx_word' id='word_1_364' title='bbox 1416 4881 1484 4951; x_wconf 63' lang='lat' dir='ltr'><strong>rel</strong></span> <span class='ocrx_word' id='word_1_365' title='bbox 1500 4885 1535 4943; x_wconf 64' lang='lat' dir='ltr'><strong>ta</strong></span> <span class='ocrx_word' id='word_1_366' title='bbox 1554 4884 1578 4959; x_wconf 74' lang='lat' dir='ltr'><strong>,t</strong></span> <span class='ocrx_word' id='word_1_367' title='bbox 1595 4888 1637 4945; x_wconf 62' lang='lat' dir='ltr'><strong>tec</strong></span> <span class='ocrx_word' id='word_1_368' title='bbox 1654 4875 1714 4945; x_wconf 74' lang='lat' dir='ltr'><strong>uta.</strong></span> 
     </span>
     <span class='ocr_line' id='line_1_35' title="bbox 102 4980 1715 5067; baseline -0.006 -17"><span class='ocrx_word' id='word_1_369' title='bbox 102 4994 225 5050; x_wconf 80' lang='lat' dir='ltr'><strong>autem</strong></span> <span class='ocrx_word' id='word_1_370' title='bbox 245 4981 353 5045; x_wconf 91' lang='lat' dir='ltr'><strong>dicunt</strong></span> <span class='ocrx_word' id='word_1_371' title='bbox 369 4982 529 5067; x_wconf 88' lang='lat' dir='ltr'><strong>Ignatium</strong></span> <span class='ocrx_word' id='word_1_372' title='bbox 546 4984 682 5067; x_wconf 90' lang='lat' dir='ltr'><strong>ignitum</strong></span> <span class='ocrx_word' id='word_1_373' title='bbox 701 4982 800 5044; x_wconf 86' lang='lat' dir='ltr'><strong>luisse</strong></span> <span class='ocrx_word' id='word_1_374' title='bbox 820 5001 955 5064; x_wconf 89' lang='lat' dir='ltr'><strong>puerum</strong></span> <span class='ocrx_word' id='word_1_375' title='bbox 973 4980 1075 5057; x_wconf 91' lang='lat' dir='ltr'><strong>illum,</strong></span> <span class='ocrx_word' id='word_1_376' title='bbox 1097 4981 1152 5064; x_wconf 93' lang='lat' dir='ltr'><strong>qui</strong></span> <span class='ocrx_word' id='word_1_377' title='bbox 1171 4981 1267 5043; x_wconf 86' lang='lat' dir='ltr'><strong>etiam</strong></span> <span class='ocrx_word' id='word_1_378' title='bbox 1287 4990 1400 5064; x_wconf 83' lang='lat' dir='ltr'><strong>postea</strong></span> <span class='ocrx_word' id='word_1_379' title='bbox 1413 4980 1597 5062; x_wconf 87' lang='lat' dir='ltr'><strong>patriarcha</strong></span> <span class='ocrx_word' id='word_1_380' title='bbox 1611 4981 1715 5045; x_wconf 88' lang='lat' dir='ltr'><strong>lactus</strong></span> 
     </span>
     <span class='ocr_line' id='line_1_36' title="bbox 101 5086 1715 5173; baseline -0.007 -15"><span class='ocrx_word' id='word_1_381' title='bbox 101 5103 161 5158; x_wconf 90' lang='lat' dir='ltr'><strong>est</strong></span> <span class='ocrx_word' id='word_1_382' title='bbox 179 5087 370 5152; x_wconf 81' lang='lat' dir='ltr'><strong>Antiochiae</strong></span> <span class='ocrx_word' id='word_1_383' title='bbox 386 5097 419 5152; x_wconf 91' lang='lat' dir='ltr'><strong>et</strong></span> <span class='ocrx_word' id='word_1_384' title='bbox 437 5090 506 5173; x_wconf 90' lang='lat' dir='ltr'><strong>ipse</strong></span> <span class='ocrx_word' id='word_1_385' title='bbox 525 5090 606 5152; x_wconf 79' lang='lat' dir='ltr'><strong>vidit</strong></span> <span class='ocrx_word' id='word_1_386' title='bbox 623 5088 757 5173; x_wconf 85' lang='lat' dir='ltr'><strong>angelos</strong></span> <span class='ocrx_word' id='word_1_387' title='bbox 776 5089 808 5149; x_wconf 91' lang='lat' dir='ltr'><strong>in</strong></span> <span class='ocrx_word' id='word_1_388' title='bbox 823 5087 948 5150; x_wconf 89' lang='lat' dir='ltr'><strong>duobus</strong></span> <span class='ocrx_word' id='word_1_389' title='bbox 968 5088 1075 5150; x_wconf 90' lang='lat' dir='ltr'><strong>choris</strong></span> <span class='ocrx_word' id='word_1_390' title='bbox 1091 5086 1276 5171; x_wconf 86' lang='lat' dir='ltr'><strong>psallentes,</strong></span> <span class='ocrx_word' id='word_1_391' title='bbox 1294 5087 1381 5170; x_wconf 92' lang='lat' dir='ltr'><strong>quod</strong></span> <span class='ocrx_word' id='word_1_392' title='bbox 1402 5097 1434 5150; x_wconf 91' lang='lat' dir='ltr'><strong>ct</strong></span> <span class='ocrx_word' id='word_1_393' title='bbox 1453 5087 1486 5149; x_wconf 92' lang='lat' dir='ltr'><strong>in</strong></span> <span class='ocrx_word' id='word_1_394' title='bbox 1501 5087 1637 5151; x_wconf 88' lang='lat' dir='ltr'><strong>ecclesia</strong></span> <span class='ocrx_word' id='word_1_395' title='bbox 1657 5087 1715 5148; x_wconf 93' lang='lat' dir='ltr'><strong>do·</strong></span> 
     </span>
     <span class='ocr_line' id='line_1_37' title="bbox 101 5194 1253 5277; baseline -0.007 -13"><span class='ocrx_word' id='word_1_396' title='bbox 101 5198 182 5264; x_wconf 89' lang='lat' dir='ltr'><strong>cuit</strong></span> <span class='ocrx_word' id='word_1_397' title='bbox 197 5194 279 5259; x_wconf 85' lang='lat' dir='ltr'><strong>lieri.</strong></span> <span class='ocrx_word' id='word_1_398' title='bbox 298 5195 422 5259; x_wconf 91' lang='lat' dir='ltr'><strong>Similia</strong></span> <span class='ocrx_word' id='word_1_399' title='bbox 436 5205 546 5260; x_wconf 87' lang='lat' dir='ltr'><strong>narrat</strong></span> <span class='ocrx_word' id='word_1_400' title='bbox 558 5196 665 5258; x_wconf 90' lang='lat' dir='ltr'><strong>Mares</strong></span> <span class='ocrx_word' id='word_1_401' title='bbox 679 5195 870 5275; x_wconf 83' lang='lat' dir='ltr'><strong>(Gismondi,</strong></span> <span class='ocrx_word' id='word_1_402' title='bbox 887 5215 939 5277; x_wconf 84' lang='lat' dir='ltr'><strong>op.</strong></span> <span class='ocrx_word' id='word_1_403' title='bbox 953 5197 1019 5272; x_wconf 75' lang='lat' dir='ltr'><strong>cit,</strong></span> <span class='ocrx_word' id='word_1_404' title='bbox 1037 5214 1069 5276; x_wconf 92' lang='lat' dir='ltr'><strong>p.</strong></span> <span class='ocrx_word' id='word_1_405' title='bbox 1084 5195 1103 5251; x_wconf 86' lang='lat' dir='ltr'><strong>A</strong></span> <span class='ocrx_word' id='word_1_406' title='bbox 1117 5203 1149 5256; x_wconf 90' lang='lat' dir='ltr'><strong>et</strong></span> <span class='ocrx_word' id='word_1_407' title='bbox 1163 5215 1195 5276; x_wconf 92' lang='lat' dir='ltr'><strong>p.</strong></span> <span class='ocrx_word' id='word_1_408' title='bbox 1213 5198 1253 5274; x_wconf 84' lang='grc'><strong>6).</strong></span> 
     </span>
    </p>

    <p class='ocr_par' dir='ltr' id='par_1_8' title="bbox 102 5298 1715 5496">
     <span class='ocr_line' id='line_1_38' title="bbox 175 5298 1715 5384; baseline -0.003 -20"><span class='ocrx_word' id='word_1_409' title='bbox 175 5302 191 5341; x_wconf 84' lang='lat'>²</span> <span class='ocrx_word' id='word_1_410' title='bbox 206 5301 256 5364; x_wconf 90' lang='lat' dir='ltr'><strong>De</strong></span> <span class='ocrx_word' id='word_1_411' title='bbox 276 5302 340 5364; x_wconf 89' lang='lat' dir='ltr'><strong>situ</strong></span> <span class='ocrx_word' id='word_1_412' title='bbox 355 5303 472 5365; x_wconf 91' lang='lat' dir='ltr'><strong>montis</strong></span> <span class='ocrx_word' id='word_1_413' title='bbox 487 5303 543 5366; x_wconf 87' lang='lat' dir='ltr'><strong>clr.</strong></span> <span class='ocrx_word' id='word_1_414' title='bbox 561 5302 741 5376; x_wconf 82' lang='lat' dir='ltr'><strong>Hoffmann,</strong></span> <span class='ocrx_word' id='word_1_415' title='bbox 758 5304 908 5384; x_wconf 82' lang='lat' dir='ltr'><strong>Aaszttge</strong></span> <span class='ocrx_word' id='word_1_416' title='bbox 927 5321 989 5361; x_wconf 83' lang='lat' dir='ltr'><strong>aas</strong></span> <span class='ocrx_word' id='word_1_417' title='bbox 1003 5301 1173 5381; x_wconf 78' lang='lat' dir='ltr'><strong>syrisclten</strong></span> <span class='ocrx_word' id='word_1_418' title='bbox 1189 5298 1294 5363; x_wconf 82' lang='lat' dir='ltr'><strong>Acten</strong></span> <span class='ocrx_word' id='word_1_419' title='bbox 1308 5321 1406 5384; x_wconf 82' lang='lat' dir='ltr'><strong>pers.</strong></span> <span class='ocrx_word' id='word_1_420' title='bbox 1427 5299 1605 5383; x_wconf 77' lang='lat' dir='ltr'><strong>Martyrer,</strong></span> <span class='ocrx_word' id='word_1_421' title='bbox 1624 5300 1715 5382; x_wconf 90' lang='lat' dir='ltr'><strong>Leip-</strong></span> 
     </span>
     <span class='ocr_line' id='line_1_39' title="bbox 102 5412 409 5496; baseline -0.02 -19"><span class='ocrx_word' id='word_1_422' title='bbox 102 5413 179 5496; x_wconf 87' lang='lat' dir='ltr'><strong>zig,</strong></span> <span class='ocrx_word' id='word_1_423' title='bbox 201 5412 291 5484; x_wconf 84' lang='grc'>1880,</span> <span class='ocrx_word' id='word_1_424' title='bbox 308 5430 341 5492; x_wconf 92' lang='lat' dir='ltr'><strong>p.</strong></span> <span class='ocrx_word' id='word_1_425' title='bbox 361 5415 409 5472; x_wconf 87' lang='lat'><strong>15.</strong></span> 
     </span>
    </p>

    <p class='ocr_par' dir='ltr' id='par_1_9' title="bbox 102 5512 1717 5706">
     <span class='ocr_line' id='line_1_40' title="bbox 175 5512 1717 5599; baseline -0.002 -22"><span class='ocrx_word' id='word_1_426' title='bbox 175 5514 335 5599; x_wconf 79' lang='lat' dir='ltr'><strong>³Budge,</strong></span> <span class='ocrx_word' id='word_1_427' title='bbox 358 5514 421 5577; x_wconf 78' lang='lat' dir='ltr'><strong>rte</strong></span> <span class='ocrx_word' id='word_1_428' title='bbox 435 5515 528 5578; x_wconf 78' lang='lat' dir='ltr'><strong>Book</strong></span> <span class='ocrx_word' id='word_1_429' title='bbox 548 5516 649 5598; x_wconf 74' lang='lat' dir='ltr'><strong>ostiae</strong></span> <span class='ocrx_word' id='word_1_430' title='bbox 666 5514 858 5590; x_wconf 83' lang='lat' dir='ltr'><strong>Gorcrnors,</strong></span> <span class='ocrx_word' id='word_1_431' title='bbox 878 5514 1020 5589; x_wconf 80' lang='lat' dir='ltr'><strong>london,</strong></span> <span class='ocrx_word' id='word_1_432' title='bbox 1040 5520 1128 5591; x_wconf 83' lang='lat'><strong>1893,</strong></span> <span class='ocrx_word' id='word_1_433' title='bbox 1146 5514 1186 5587; x_wconf 96' lang='lat' dir='ltr'><strong>ll,</strong></span> <span class='ocrx_word' id='word_1_434' title='bbox 1204 5519 1277 5591; x_wconf 87' lang='lat'>213;</span> <span class='ocrx_word' id='word_1_435' title='bbox 1295 5514 1331 5577; x_wconf 92' lang='lat' dir='ltr'><strong>P.</strong></span> <span class='ocrx_word' id='word_1_436' title='bbox 1354 5514 1486 5599; x_wconf 84' lang='lat' dir='ltr'><strong>Bedjan,</strong></span> <span class='ocrx_word' id='word_1_437' title='bbox 1501 5513 1598 5576; x_wconf 83' lang='lat' dir='ltr'><strong>Liber</strong></span> <span class='ocrx_word' id='word_1_438' title='bbox 1615 5512 1717 5595; x_wconf 86' lang='lat' dir='ltr'><strong>Sape-</strong></span> 
     </span>
     <span class='ocr_line' id='line_1_41' title="bbox 102 5621 634 5706; baseline -0.013 -13"><span class='ocrx_word' id='word_1_439' title='bbox 102 5630 258 5699; x_wconf 81' lang='lat' dir='ltr'><strong>riorum,</strong></span> <span class='ocrx_word' id='word_1_440' title='bbox 275 5621 414 5703; x_wconf 87' lang='lat' dir='ltr'><strong>Lipsiae,</strong></span> <span class='ocrx_word' id='word_1_441' title='bbox 432 5628 518 5697; x_wconf 89' lang='grc'>1901,</span> <span class='ocrx_word' id='word_1_442' title='bbox 536 5644 568 5706; x_wconf 90' lang='lat' dir='ltr'><strong>p.</strong></span> <span class='ocrx_word' id='word_1_443' title='bbox 585 5628 634 5687; x_wconf 85' lang='lat'><strong>95.</strong></span> 
     </span>
    </p>

    <p class='ocr_par' dir='ltr' id='par_1_10' title="bbox 174 5727 1093 5813">
     <span class='ocr_line' id='line_1_42' title="bbox 174 5727 1093 5813; baseline -0.001 -22"><span class='ocrx_word' id='word_1_444' title='bbox 174 5730 189 5768; x_wconf 71' lang='lat'><strong>⁴</strong></span> <span class='ocrx_word' id='word_1_445' title='bbox 208 5727 391 5805; x_wconf 76' lang='lat' dir='ltr'><strong>Hoffmann,</strong></span> <span class='ocrx_word' id='word_1_446' title='bbox 407 5750 459 5812; x_wconf 88' lang='lat' dir='ltr'><strong>op.</strong></span> <span class='ocrx_word' id='word_1_447' title='bbox 477 5733 541 5808; x_wconf 81' lang='lat' dir='ltr'><strong>ric,</strong></span> <span class='ocrx_word' id='word_1_448' title='bbox 558 5749 591 5812; x_wconf 92' lang='lat' dir='ltr'><strong>p.</strong></span> <span class='ocrx_word' id='word_1_449' title='bbox 611 5734 658 5805; x_wconf 81' lang='grc'><strong>14,</strong></span> <span class='ocrx_word' id='word_1_450' title='bbox 676 5740 751 5793; x_wconf 89' lang='lat' dir='ltr'><strong>nota</strong></span> <span class='ocrx_word' id='word_1_451' title='bbox 764 5735 802 5794; x_wconf 85' lang='grc'><strong>95</strong></span> <span class='ocrx_word' id='word_1_452' title='bbox 814 5756 957 5813; x_wconf 50' lang='grc' dir='ltr'><strong>,μω</strong></span> <span class='ocrx_word' id='word_1_453' title='bbox 971 5728 1093 5792; x_wconf 88' lang='lat' dir='ltr'><strong>scribit.</strong></span> 
     </span>
    </p>
   </div>
   <div class='ocr_carea' id='block_1_6' title="bbox 0 0 2058 6457">
    <p class='ocr_par' dir='ltr' id='par_1_11' title="bbox 0 0 2058 6457">
     <span class='ocr_line' id='line_1_43' title="bbox 0 0 2058 6457; baseline 0 0"><span class='ocrx_word' id='word_1_454' title='bbox 0 0 2058 6457; x_wconf 95' lang='lat' dir='ltr'><strong> </strong></span> 
     </span>
    </p>
   </div>
  </div>
 </body>
</html>
