4146 6474
519 489 575 554 DE
599 489 810 556 EPISTOLA
832 490 1006 558 BARUCH
1028 492 1301 558 APOCRYPHA.
1633 503 1709 561 1212

113 677 200 726 num
224 652 393 726 redactur
413 664 538 725 textus
562 653 809 760 correctiones
839 680 926 728 suas
955 680 1000 727 ex
1028 654 1151 754 aliquo
1182 654 1282 729 fonte
1308 668 1460 730 externo
1486 657 1664 745 hauserit,
1689 685 1709 732 e

114 799 216 860 textu
229 785 404 859 videlicet
417 810 553 885 graeco
566 786 856 886 Apocalypseos.
873 788 965 862 Cum
981 788 1096 888 igitur
1108 788 1310 862 secundum
1324 801 1489 865 nostram
1501 792 1710 891 opinionem

113 947 134 990 e
152 892 293 993 textum
310 917 558 1018 antiquiorem
573 918 757 1005 exhibeat,
775 946 860 995 eum
877 920 927 994 ibi
945 933 1090 994 tantum
1107 920 1315 1008 reiecimus,
1333 921 1397 995 ubi
1413 924 1560 999 codices
1579 924 1709 1023 reliqui

113 1052 269 1151 probant
292 1051 489 1126 lectionem
508 1079 531 1121 e
550 1076 595 1125 ex
620 1076 745 1128 errore
768 1053 892 1152 aliquo
912 1065 1030 1128 ortam
1052 1057 1172 1129 esse'.

186 1183 295 1259 addo
324 1185 434 1259 etiam
459 1184 654 1259 elenchum
677 1186 855 1272 locorum,
879 1186 943 1261 ubi
963 1200 1088 1261 textus
1109 1187 1376 1289 translatioque
1405 1189 1578 1266 editionis
1602 1191 1713 1265 huius

114 1318 317 1393 aversione
333 1318 486 1394 Charles
503 1329 541 1393 et
556 1319 690 1417 Ryssel
705 1319 840 1407 differt,
859 1333 1043 1420 notasque
1060 1321 1221 1395 criticas.
1619 1306 1621 1309 V

162 1454 191 1539 l,
214 1454 250 1525 5.
275 1458 391 1526 minua
411 1454 504 1525 enim
529 1465 579 1524 est
604 1455 692 1547 qaod
710 1456 811 1549 porri
833 1457 958 1528 eatis...
981 1480 1017 1525 v.
1043 1454 1067 1526 6
1088 1480 1175 1549 quae
1195 1457 1242 1528 od
1262 1459 1349 1529 bona
1371 1469 1482 1530 varra
1501 1461 1601 1553 putri
1619 1464 1713 1553 ertia]

115 1584 247 1685 Ryssel
266 1611 334 1685 pro
353 1615 442 1672 ,sa-r
461 1583 600 1658 mavult
618 1584 744 1685 legere
757 1617 861 1672 ,eu-2
876 1610 1081 1686 provocans
1096 1586 1144 1661 ad
1163 1603 1282 1659 aeds
1301 1588 1363 1687 qui
1382 1588 1513 1691 legunt
1529 1619 1623 1676 ,aas
1642 1615 1713 1665 :ex

113 1733 250 1818 puncto
265 1718 410 1820 colligit
431 1719 562 1818 Ryssel
576 1751 665 1806 ,eu-2
680 1719 914 1820 participium
934 1744 1032 1794 esse.
1051 1719 1178 1807 Falso;
1196 1721 1324 1795 eadem
1344 1722 1442 1796 enim
1458 1723 1569 1798 lectio
1590 1748 1712 1798 recur-

114 1852 159 1925 rit
178 1852 262 1939 Vll,
291 1853 315 1925 6
338 1862 434 1942 (su-2
450 1863 519 1943 ns),
541 1879 609 1928 nec
634 1878 679 1928 ex
708 1865 845 1953 puncto
870 1852 934 1927 illo
959 1850 1159 1951 quidquam
1184 1853 1354 1927 concludi
1373 1867 1513 1953 potest3
1538 1881 1584 1930 ex
1607 1869 1712 1931 textu

114 1984 210 2059 onim
230 1986 413 2086 impresso
439 1986 593 2062 Charles
619 2011 693 2060 non
717 1986 846 2084 liquet,
868 1999 992 2059 utrum
1011 1985 1050 2057 in
1076 1984 1265 2060 codicibus
1289 2000 1465 2086 punctum
1488 1988 1535 2062 ad
1554 2030 1578 2059 a
1595 2015 1641 2063 an
1668 1988 1714 2063 ad

113 2119 336 2218 rpemineat3
355 2120 393 2192 in
407 2144 499 2194 casu
519 2134 644 2194 autem
660 2119 791 2194 ultimo
809 2131 986 2218 punctum
1005 2118 1156 2192 secund.
1172 2144 1271 2218 pers.
1289 2120 1380 2220 peri.
1404 2121 1499 2221 plur.
1522 2122 1711 2223 designat.

187 2253 235 2339 ll,
272 2255 308 2327 3.
341 2256 480 2326 Textus
516 2267 615 2327 certe
651 2229 846 2352 corruptus
883 2264 957 2339 est,
990 2249 1230 2351 probabiliter
1258 2289 1309 2344 a„
1336 2254 1373 2325 2⁰
1409 2253 1604 2329 delendum
1641 2269 1711 2330 est.

116 2385 270 2460 Charles
294 2385 387 2485 legit
409 2414 502 2464 ate-a.
522 2400 559 2460 et
581 2386 822 2487 interprtatur
844 2412 853 2457 ι
875 2391 943 2459 For
962 2391 1056 2460 rotat
1086 2388 1184 2480 bosel!
1205 2411 1272 2484 pou
1294 2413 1343 2459 roe
1368 2391 1440 2460 also
1460 2392 1605 2482 suffered
1631 2394 1669 2461 in
1694 2416 1715 2461 a
1841 2376 1853 2399 ‘

112 2521 345 2612 pre-emineat
358 2521 487 2613 deprec,
505 2527 559 2615 sor
574 2522 600 2593 it
615 2523 713 2613 besell
727 2544 768 2592 us
782 2522 869 2592 also.
888 2519 962 2593 Sed
978 2544 1046 2593 nec
1061 2519 1269 2594 emendatio
1282 2532 1420 2605 textus,
1437 2545 1504 2594 nec
1517 2520 1712 2595 translatio

117 2650 259 2724 admitti
293 2665 467 2750 possunt,
498 2677 583 2726 nam
617 2676 746 2725 omnes
780 2650 927 2726 codices
962 2681 1065 2737 ntea,
1095 2652 1244 2753 legunt3
1273 2665 1421 2753 recepta
1455 2652 1712 2728 emendatione

116 2812 218 2867 are-n,
236 2784 304 2859 fut.
325 2824 381 2854 ω
400 2798 500 2859 caret
525 2809 652 2869 sensu,
675 2808 743 2858 nec
767 2809 833 2884 per
860 2788 1004 2878 suffered
1026 2785 1119 2859 verti
1143 2798 1278 2886 potest.
1305 2788 1432 2885 Neque
1458 2786 1713 2886 interpretatio

118 2916 251 3015 llyssel
270 2917 400 2992 melior
419 2929 477 2991 est
492 2944 500 2988 ι
516 2923 611 2992 Dran
631 2944 703 2992 reos
717 2921 801 2990 euclt
819 2922 979 3011 petroffen
1001 2923 1074 3006 bot,
1090 2921 1212 2992 sollten
1225 2932 1294 2992 erat
1312 2922 1405 2992 recht
1418 2921 1508 2991 aucit
1527 2922 1593 2992 wir
1610 2923 1715 2993 erlei-

117 3052 226 3125 dea...
246 3075 314 3124 nec
331 3050 450 3150 liquet
469 3062 592 3125 utrum
610 3050 904 3125 emendationem
925 3031 1078 3125 Charles
1093 3051 1288 3151 receperit,
1306 3075 1374 3125 nec
1394 3075 1454 3124 ne.

190 3185 257 3271 lll,
279 3185 314 3256 2.
342 3184 477 3283 Recepi
494 3184 691 3259 lectionem
710 3190 756 3271 Φ,
779 3183 985 3283 exemplum
1005 3184 1158 3259 Charles
1178 3198 1342 3272 secutus,
1359 3184 1453 3259 forte
1467 3196 1591 3258 tamen
1605 3184 1715 3259 lectio

116 3345 139 3387 a
163 3317 350 3416 antiquior
377 3316 579 3416 meliorque
610 3329 686 3405 est;
713 3315 850 3391 etenim
878 3328 1064 3391 corrector
1088 3346 1161 3395 aa»
1180 3316 1279 3416 quod
1299 3346 1322 3388 a
1343 3317 1436 3417 legit
1463 3317 1562 3391 haud
1586 3331 1715 3392 exacte

15 3440 17 3475 l
118 3450 258 3524 dictum
272 3474 356 3524 esse
372 3449 543 3524 arbitrari
562 3450 720 3536 ridetur,
739 3474 823 3523 cum
843 3450 967 3550 angeli
987 3475 1061 3523 non
1078 3450 1201 3523 omnia
1219 3475 1309 3524 vasa
1329 3463 1457 3525 sancta
1471 3449 1713 3525 abscondisse

15 3634 17 3689 ,
118 3583 155 3656 in
170 3582 252 3683 ipsa
268 3581 483 3683 apocalypsi
498 3584 683 3683 legantur,
702 3581 786 3656 hinc
802 3582 960 3656 correxit
975 3625 983 3667 2
998 3611 1068 3663 aa»
1079 3620 1117 3670 ᾳ
1129 3612 1187 3662 run
1205 3587 1324 3678 aliquo
1340 3608 1434 3656 aare.

192 3718 260 3803 lll,
278 3718 313 3790 7.
327 3719 494 3790 habitatio
503 3719 599 3811 Sion]
612 3714 772 3792 Omnino
786 3714 879 3789 falsa
894 3727 952 3790 est
966 3715 1221 3817 interpretatio
1233 3716 1378 3817 Ryssel,
1393 3715 1455 3814 qui
1470 3730 1595 3815 spreto
1611 3730 1712 3791 textu

119 3849 286 3923 codicum
301 3860 430 3923 contra
447 3848 506 3923 ius
523 3862 559 3923 et
576 3849 634 3922 ias
650 3849 704 3923 sic
720 3848 833 3923 vertit
846 3862 986 3923 textum
1006 3850 1216 3948 syriacum:
1235 3855 1329 3924 bene
1345 3853 1401 3922 iclr
1417 3852 1513 3922 weiss
1531 3853 1570 3922 in
1591 3852 1715 3937 taetr-

120 3986 198 4069 teir,
221 3985 302 4056 dass
325 3985 410 4055 ertclt
433 3995 559 4056 trosten
583 3985 701 4056 rottrde
719 3986 775 4056 dic
797 3984 972 4077 [lrabeat]
994 3986 1054 4056 der
1075 3986 1259 4057 Bewobner
1281 4008 1345 4056 con
1367 3986 1462 4070 Sion,
1485 3985 1530 4055 do
1554 3986 1611 4056 iltr
1633 3986 1714 4055 doclr

15 4154 16 4157 ¹
118 4120 276 4189 anseluco
300 4118 445 4217 roilqdet,
471 4117 550 4188 duaa
576 4118 626 4188 sic
648 4120 744 4189 meltr
768 4140 812 4189 zu
837 4117 996 4189 bodemen
1021 4119 1113 4189 hatte
1136 4120 1190 4189 ala
1213 4120 1268 4189 die
1293 4120 1452 4202 Tritbsol,
1478 4119 1559 4188 tiber
1581 4118 1636 4189 atie
1659 4119 1716 4188 t'lu·

15 5454 17 5519 l

15 5662 16 5679 l

15 5720 17 5741 l

120 4252 249 4322 betrttbt
269 4263 370 4337 wart,
393 4252 473 4322 dass
492 4252 550 4322 ἑὴν
566 4253 651 4323 euclt
673 4251 825 4322 uiimlicb
846 4274 912 4321 con
930 4252 1012 4322 Sion
1032 4256 1209 4344 autfernen
1225 4262 1377 4322 muratel.
1402 4248 1534 4347 Ryssel
1554 4247 1647 4323 salso
1668 4248 1714 4321 ad

119 4395 330 4456 contextum
354 4394 530 4481 provocat
554 4393 687 4481 putans
711 4395 796 4455 ante
820 4410 898 4460 am
916 4380 1099 4456 excidisse
1118 4411 1182 4461 tm
1193 4381 1252 4456 vel
1281 4379 1381 4455 aliud
1401 4380 1557 4480 aliquid;
1580 4381 1715 4455 etenim

119 4544 195 4593 teau
205 4540 281 4589 non
301 4514 488 4617 signifieat
509 4543 527 4585 a
553 4514 757 4590 Bewohner
777 4542 796 4586 n
819 4518 987 4602 incolam
1006 4528 1094 4590 tunc
1116 4514 1213 4589 enim
1233 4513 1389 4588 ulterius
1407 4543 1488 4593 rm
1503 4515 1628 4614 legere
1651 4514 1716 4588 de·

120 4646 306 4736 buisset²;
324 4647 447 4722 verbis
465 4675 474 4721 ι
492 4676 510 4718 «
528 4650 608 4721 dass
626 4651 677 4720 rie
691 4651 787 4720 melu
805 4672 849 4721 zu
865 4651 1023 4721 ledentes
1044 4652 1168 4720 botta»
1185 4646 1223 4720 in
1243 4659 1345 4720 textu
1365 4647 1511 4746 syriaco
1526 4646 1617 4719 nihil
1633 4671 1716 4719 cor-

120 4780 332 4880 respondet,
349 4805 440 4880 ergo
461 4779 738 4855 emendationes
764 4779 897 4880 Ryssel
918 4794 955 4854 et
976 4778 1243 4878 interpretatio,
1271 4805 1381 4879 quam
1404 4778 1590 4879 proponit,
1613 4779 1727 4855 reiici.

121 4913 270 4988 debent.
293 4916 496 4990 Contentus
523 4938 729 5013 sensusque
756 4913 837 4986 sine
860 4913 936 4987 ulla
960 4912 1215 4987 emendatione
1239 4925 1395 5013 patent:
1419 4911 1498 4986 scio
1524 4911 1716 5011 Templum

163 5301 191 5358 1.
209 5293 341 5359 Praeter
355 5295 452 5379 sigla,
469 5293 587 5378 quibus
600 5293 736 5358 Charias
750 5294 791 5359 ad
806 5293 934 5359 codices
948 5292 1167 5378 designandos
1186 5312 1266 5357 usus
1283 5301 1345 5369 est,
1359 5292 1422 5356 alia
1436 5311 1539 5376 pauca
1552 5292 1717 5355 brevitatis

122 5421 220 5464 causa
235 5400 398 5465 introduxi
415 5421 423 5463 r

181 5511 212 5572 Φ
231 5507 384 5593 designat
397 5526 591 5572 consensum
605 5508 751 5572 codicum
766 5509 1063 5586 ebdeluhtpw

181 5616 206 5677 Σ
286 5650 327 5661 —-
469 5651 506 5659 —
627 5614 775 5678 codicum
792 5622 949 5693 ababli

181 5723 209 5783 Ξ
288 5758 327 5766 -
470 5756 509 5766 -
630 5720 777 5786 codicum
791 5724 963 5800 dellpw
