4122 6472
335 435 413 495 1389
692 422 1042 525 Arotnnnsnntn
1062 419 1292 487 APOLLONII
1315 423 1566 489 TYANENSIS.

332 724 384 789 τὸν
406 722 498 815 λύγον
521 745 589 813 μου.

405 844 475 914 Καὶ
496 846 617 938 ίπιλεγε
634 838 692 922 τὰς
709 839 870 934 ὀνομασίας
890 842 1004 918 ταύτας
1024 837 1081 918 τὰς
1101 837 1279 931 θαυμαστὰς
1295 837 1350 906 καὶ
1373 844 1474 934 ἁγίας·
1505 840 1685 926 Ὺαθίλσου,
1707 839 1929 935 Ἀπερπούσου,

338 961 493 1056 Terabdoi,
509 965 650 1063 Νιμιγὰ,
674 972 716 1034 τὰ
738 967 918 1058 ἐπισύροντα
939 966 992 1032 τὸν
1014 970 1104 1040 ἥλιον
1124 960 1242 1031 ἔνδοθεν
1264 974 1321 1031 τοῦ
1342 964 1475 1057 ούρανοῦ.

837 1203 884 1268 Εἰς
903 1199 935 1260 τὸ
957 1197 1053 1259 edicat
1072 1197 1231 1280 ίμπρησμον
1253 1198 1269 1270 ἢ
1293 1201 1436 1280 πυρκαιάν.
1975 1215 1988 1268 5

406 1367 489 1437 Εἰπὲ
514 1368 630 1445 ταύτας
653 1373 711 1446 τὰς
727 1361 756 1446 ζ’
781 1360 877 1445 λέξεις
896 1372 996 1433 ἔναντι
1020 1373 1074 1431 τοῦ
1097 1367 1201 1457 πυρός·
1224 1364 1423 1458 Μαχαλαὴλ,
1452 1358 1647 1458 Ἀραδναὴλ,
1669 1360 1833 1459 Ἀζριαήλ,
1852 1371 1933 1457 Ἀμ-

335 1497 474 1579 νουιαὴλ,
500 1486 706 1572 Resciscam,
738 1490 897 1584 Νουραὴλ,
914 1490 1035 1582 Βραήλ.
1063 1489 1188 1567 Ταύτας
1223 1487 1279 1568 τὰς
1308 1483 1337 1568 ζ’
1365 1483 1460 1568 λέξεις
1492 1489 1557 1556 altri
1585 1499 1633 1575 τῷ
1669 1489 1750 1576 ἡλίῳ
1785 1495 1837 1561 καί
1869 1489 1934 1583 ἅμα
2038 1466 2039 1479 ¹

336 1612 546 1693 σύεσθύσεται.

635 1787 703 1869 Πιρί
723 1790 890 1860 κατασκιυῆς
910 1787 1039 1868 ίσόπτρου
1060 1789 1094 1847 δι’
1115 1777 1145 1847 σύ
1164 1789 1200 1853 ὣς
1220 1785 1354 1868 μυστήρια
1374 1788 1463 1847 πάντα
1485 1786 1635 1868 pulsant

415 1955 592 2048 Ἐπιθυμῶν
620 1945 655 2021 δὲ
687 1958 750 2022 πᾶν
784 1954 822 2021 τὸ
845 1959 1024 2045 τελούμενον
1048 1950 1101 2018 καὶ
1130 1957 1282 2045 μυστήρια
1318 1951 1475 2045 discipata
1502 1957 1572 2031 τοῖς
1601 1950 1651 2020 ini
1679 1961 1739 2047 γῆς
1769 1952 1930 2045 ἀνθρώποις
1955 1971 1983 2022 to

335 2086 424 2175 ὁρᾶν,
447 2083 529 2148 οὕτω
553 2081 689 2156 ποιήσεις
713 2078 813 2155 καθώς
837 2103 884 2144 σοι
902 2069 1157 2170 παραδοθήσεται·

410 2200 552 2299 Ὀρκίζω
575 2230 608 2271 σε
632 2199 696 2291 οὖν,
720 2213 761 2282 είς
783 2208 839 2280 τὰς
869 2194 1107 2295 ανεκδιηγίτους
1127 2209 1182 2267 τοῦ
1204 2200 1271 2267 θεοῦ
1296 2194 1441 2293 δυνάμεις
1463 2198 1520 2268 καὶ
1538 2201 1598 2279 τὰς
1619 2198 1768 2294 μεγίστας
1789 2199 1843 2268 καὶ
1861 2225 1931 2292 κρυ-

340 2332 425 2408 πτὰς
443 2334 560 2406 ταύτας
579 2326 758 2421 ὀνομασίας,
774 2320 909 2405 ἀναξίοις
921 2336 1014 2393 τοῦτο
1029 2327 1071 2418 μή
1092 2318 1297 2418 panadariae?
1315 2328 1353 2393 τὸ
1366 2327 1541 2418 μυστήριον,
1555 2317 1636 2391 διότι
1656 2330 1734 2417 μετὰ
1754 2332 1815 2391 τῶν
1833 2326 1930 2392 τοιού-

341 2478 404 2521 των
421 2453 592 2547 ὀνομασιῶν
614 2451 670 2520 καὶ
688 2449 786 2545 δρων’
806 2448 933 2524 ἐποίησα
951 2451 1193 2542 ἀποτελέσματα
1214 2448 1269 2517 καὶ
1287 2450 1404 2543 τέρατα
1423 2451 1452 2515 ἐν
1471 2457 1516 2535 τῷ
1535 2449 1654 2543 κόσμῳ.

409 2571 499 2645 Aa&
519 2569 554 2643 bb
573 2573 659 2671 παρὰ
677 2583 809 2670 χαλκοῦ,
828 2568 1026 2670 ῦδραργύρου,
1049 2575 1187 2668 ἀργύρου,
1212 2583 1338 2668 χρυσοῦ,
1361 2566 1520 2666 μολίύδου,
1538 2573 1758 2668 κασσιτέρου10
1784 2572 1841 2642 καὶ
1864 2600 1932 2667 κρυ·
1957 2593 1983 2644 15

337 2701 489 2789 στύλλου,
505 2695 538 2779 ἐξ
555 2706 620 2769 lacu
639 2700 810 2794 ἀμφύτερα,
831 2707 882 2767 καὶ
901 2701 1054 2794 χωνεύσας
1074 2707 1305 2768 κατασκεύασον
1330 2692 1362 2776 ἐξ
1385 2702 1484 2765 αὐτῶν
1507 2697 1716 2792 κίτοπτρον“
1738 2699 1804 2766 οἴου
1829 2705 1932 2793 μέτρου

338 2831 463 2912 βούλει,
483 2824 575 2920 ὁμοία
601 2818 634 2893 tt
658 2826 744 2894 ἔσται
769 2829 861 2892 αὐτοῦ
882 2830 902 2899 ἡ
926 2821 1014 2918 χροιίι
1036 2829 1219 2918 κρυστάλλῳ
1246 2822 1280 2890 οὗ
1307 2822 1373 2916 ἔφυ.
1398 2819 1496 2901 Θὲς”
1519 2814 1553 2889 tt
1581 2823 1705 2890 ὄπισθεν
1731 2826 1823 2891 αὐτοῦ
1850 2822 1932 2890 πλεί-

396 3103 424 3158 6.
442 3098 580 3166 κτίσαντος
595 3095 635 3157 D.
653 3130 691 3143 -
707 3101 735 3158 7.
753 3099 875 3178 pastinat
887 3091 927 3156 Α.
945 3129 986 3142 -
997 3098 1027 3156 8.
1043 3095 1187 3172 μιταδύνοι
1201 3095 1241 3157 Α.
1259 3128 1300 3140 -
1313 3100 1343 3155 9.
1361 3097 1436 3176 ὡρῶν
1451 3091 1521 3155 ΑΙ).
1532 3129 1573 3139 -
1590 3098 1638 3157 10.
1655 3092 1739 3155 Loco
1753 3095 1856 3175 χαλκοῦ
1870 3101 1930 3155 etc.
2038 3134 2039 3139 =

337 3200 396 3265 ΑΙ)
411 3202 532 3266 habent
553 3201 649 3286 signa
668 3200 871 3265 metallorum
894 3200 1042 3264 istorum.
1062 3199 1112 3262 ct.
1133 3199 1186 3261 Du
1206 3199 1332 3283 Gange,
1350 3198 1559 3263 Glossarium
1581 3198 1710 3263 mediae
1725 3202 1929 3283 graecitatis,
2038 3186 2039 3199 ¹

336 3319 359 3372 t.
377 3308 417 3384 II,
434 3308 514 3373 att.
532 3329 563 3391 p.
582 3315 685 3392 Ssqq.
699 3345 739 3354 -
756 3314 804 3370 11.
820 3309 976 3391 κάτοπτρον
991 3306 1020 3369 Ι)
1034 3315 1071 3370 nt
1082 3308 1119 3368 Α.
1142 3306 1277 3390 passim.
1293 3342 1333 3352 —
1349 3311 1396 3368 12.
1412 3309 1504 3380 Θῆσον
1519 3304 1591 3370 AD.
1727 3400 1731 3405 η
1956 3303 1984 3353 2⁰
2038 3368 2039 3389 .

337 3703 428 3785 Vos,
459 3725 572 3797 purae
600 3724 687 3783 aves
720 3698 802 3786 Dei,
830 3698 892 3798 qui
925 3697 1093 3798 purificat
1121 3721 1214 3799 opus
1246 3723 1370 3784 suum,
1398 3697 1522 3771 audite
1552 3696 1666 3770 verba
1695 3721 1790 3770 mea.
1817 3701 1934 3790 Proles

277 3863 282 3877 ·
339 3828 460 3897 (lande
486 3825 568 3896 illas
594 3826 841 3920 appellationes
871 3827 1035 3918 mirificos
1059 3836 1093 3895 ct
1114 3837 1252 3894 sanctas
1276 3852 1286 3894 .·
1314 3822 1532 3911 Huathelsu,
1559 3822 1771 3920 Aperpusu‚
1798 3822 1929 3905 Tuldu‚

340 3947 509 4048 Nemiga,
534 3973 627 4046 quae
650 3948 800 4048 trahunt
824 3947 941 4021 solem
965 3945 1061 4019 intra
1082 3947 1238 4020 caelum.

411 4075 463 4146 Au
488 4075 759 4167 eatinpnentlntn
785 4075 983 4145 incendium
1004 4074 1058 4143 cel
1081 4076 1239 4167 reptant'.
1262 4116 1307 4127 -
1332 4071 1398 4144 Dic
1419 4072 1485 4144 has
1510 4082 1650 4171 septem
1676 4095 1786 4144 voces
1812 4096 1931 4144 eoram

275 4268 278 4275 .
338 4198 425 4297 igne
448 4224 456 4271 ε
484 4196 705 4283 Machalael‚
728 4196 965 4295 Aphadnael,
988 4195 1151 4289 Azriael,
1170 4196 1388 4285 Amnuiael,
1409 4194 1615 4281 eastimet,
1638 4194 1785 4282 Nurael,
1812 4195 1929 4268 Brael.
1972 4215 1987 4266 5

270 4319 274 4326 ’
340 4322 405 4395 Dic
426 4322 493 4395 has
513 4333 654 4421 septem
671 4345 782 4394 voees
801 4320 884 4409 soli,
906 4332 943 4393 et
959 4320 1083 4393 statim
1098 4319 1344 4419 extinguetur.

412 4452 458 4518 tn
482 4448 712 4538 fabricatione
738 4447 870 4540 speculi
893 4449 996 4537 cnjus
1020 4471 1079 4540 ope
1103 4450 1358 4540 mysterialem
1382 4450 1499 4518 omnia
1523 4447 1717 4517 videantur.
1743 4487 1793 4498 —
1818 4444 1858 4517 Si
1879 4443 1933 4515 vis

338 4594 445 4644 omne
468 4570 565 4667 quod
589 4568 778 4667 perficitur
797 4581 833 4642 et
857 4570 1036 4668 mysteria
1056 4569 1266 4642 hominibus
1285 4592 1395 4668 simei
1414 4580 1550 4641 terram
1573 4566 1774 4641 invisibilia
1795 4567 1932 4662 videre,

234 4709 237 4713 ’
340 4694 393 4768 εἰσ
408 4694 521 4766 iacies
536 4692 712 4767 sicuttibi
725 4694 892 4767 tradetur
907 4720 915 4764 :
930 4736 978 4748 --
994 4695 1159 4767 Obsecro
1175 4707 1210 4766 te
1224 4694 1352 4794 igitur,
1367 4719 1433 4792 per
1448 4692 1653 4767 ineffabiles
1670 4691 1737 4773 Dei
1750 4691 1934 4791 potentias

339 4831 376 4893 et
394 4822 484 4918 (per)
502 4819 569 4891 bas
587 4843 742 4917 magnas
763 4832 800 4891 et
820 4819 964 4892 abditas
986 4818 1266 4918 appellationes
1284 4844 1330 4892 ne
1347 4819 1471 4892 tradas
1490 4817 1656 4917 indignis
1680 4816 1771 4890 illud
1794 4829 1935 4916 mystc-
1963 4848 1988 4899 tt

339 4943 450 5029 rium3
468 4967 553 5014 nam
578 4967 660 5014 cum
682 4941 739 5015 his
764 4942 1076 5042 appellationibus
1101 4952 1138 5016 et
1157 4942 1297 5042 regulis
1320 4955 1491 5042 operatus
1512 4964 1593 5016 sum
1611 4941 1886 5040 Apotelesmata
1900 4954 1935 5014 et

338 5066 509 5169 prodigia
529 5066 566 5139 in
592 5067 742 5140 mundo.
762 5108 812 5123 —
832 5070 942 5141 Sume
968 5094 1014 5141 ex
1037 5093 1134 5153 aere,
1157 5068 1240 5140 rivo
1265 5071 1433 5165 argento,
1460 5080 1630 5168 argeum,
1648 5091 1751 5152 auro,
1768 5064 1932 5164 plumbo,

338 5205 471 5267 stanno
493 5203 528 5264 et
542 5192 651 5278 vitro,
670 5205 794 5290 partes
818 5192 989 5291 aequales
1013 5218 1057 5265 ex
1079 5203 1249 5290 utroque,
1268 5192 1386 5264 oonlla
1410 5203 1447 5265 et
1469 5191 1568 5291 finge
1591 5216 1637 5264 ex
1655 5190 1729 5263 illis
1744 5190 1934 5289 speculum

339 5317 502 5391 cuiusvis
516 5316 798 5416 magnitudinis,
817 5316 917 5389 color
931 5316 1033 5389 illius
1049 5316 1180 5390 similis
1194 5317 1264 5390 erit
1279 5316 1392 5390 colori
1402 5315 1487 5389 vitri
1500 5316 1597 5388 unde
1612 5326 1737 5388 natum
1753 5327 1823 5388 est.
1837 5318 1934 5389 Pone

400 5555 427 5610 1.
453 5574 468 5606 ι
492 5548 597 5613 Etiam
626 5547 767 5630 parietes
796 5548 1017 5613 incendiorum
1049 5549 1330 5633 deprecationibus
1361 5547 1609 5612 conscribuntur
1633 5573 1660 5623 υ,
1687 5545 1823 5621 Plinius,
1850 5544 1935 5609 Hist.

338 5654 475 5736 Natum,
491 5654 638 5731 XXVIII,
656 5660 687 5718 4.
