4122 6472
829 449 1087 516 PRAEFATIO.
1679 455 1756 515 1364

217 615 286 708 (B)
312 611 439 687 Codex
459 614 571 707 suppl.
594 636 706 706 praee.
739 613 866 700 ll48',
889 610 984 686 inter
1013 611 1106 685 alios
1133 612 1378 712 astrologicos
1397 624 1577 686 tractatus
1601 612 1752 711 profert,

133 735 205 810 fol.
227 737 299 809 36¹
316 763 324 808 t
344 735 459 819 Βίὸλος
477 748 582 833 σοφίας
600 739 653 808 καὶ
668 746 813 820 συνέσεως
825 745 1083 833 ἀποτελεσμάτων
1100 742 1312 810 Ἀπολλωνίου
1332 751 1386 809 τοῦ
1403 743 1560 827 Τυανέωςς
1577 739 1678 809 Liber
1695 762 1755 809 sa-

127 865 305 955 pientiae
332 874 362 932 et
393 863 653 955 intelligentiae,
676 860 730 958 (id
756 864 826 956 est)
854 864 1137 956 Apotelcsmatam
1162 864 1336 956 Apollonii
1365 865 1566 957 Tyancnsis.
1592 861 1756 935 Veniunt

135 985 288 1058 deinde
309 984 548 1080 introductio,
563 984 711 1058 nomina
729 999 936 1085 temporum
960 985 1045 1058 anni
1070 998 1108 1058 et
1132 986 1304 1059 horarum
1326 985 1399 1060 diei
1425 1011 1467 1059 ac
1487 985 1619 1071 noctis,
1643 985 1754 1059 horae

96 1169 102 1184 .
133 1109 298 1183 faustae
311 1108 398 1197 diei,
415 1108 592 1182 lormulae
608 1108 845 1207 precationis,
861 1109 1011 1183 uomina
1024 1109 1240 1210 angelorum
1256 1110 1318 1208 qui
1334 1122 1510 1213 praesunt
1525 1108 1754 1208 temporibus

135 1234 232 1305 anni
257 1234 320 1306 vel
340 1232 549 1306 hominibus
574 1232 682 1306 iustis
702 1246 739 1306 et
767 1233 871 1319 mari,
899 1258 941 1306 ac
969 1235 1118 1307 nomina
1141 1234 1244 1321 solis,
1267 1233 1389 1322 lunae,
1411 1247 1631 1331 temporum,
1652 1234 1753 1307 venti

135 1357 220 1449 (iol.
251 1358 428 1453 sor-40¹),
447 1357 615 1455 sequitur
637 1370 817 1431 tractatus
836 1356 1083 1432 astronomiae
1103 1372 1140 1431 et
1160 1357 1385 1458 astrologiae
1405 1358 1451 1432 de
1469 1357 1685 1444 meridiano,
1708 1358 1753 1431 do

135 1481 253 1568 bora,
274 1481 321 1555 de
348 1494 449 1556 motu
472 1495 508 1554 et
535 1481 791 1555 coniunctione
815 1495 1011 1570 astrorum,
1029 1483 1075 1556 de
1091 1483 1297 1583 hexagono,
1315 1482 1464 1582 trigono
1486 1494 1523 1556 et
1540 1495 1750 1581 tetragono,

135 1606 185 1678 de
202 1605 423 1679 inventione
444 1606 653 1705 horoscopi,
670 1605 716 1679 de
740 1618 904 1705 tempore
924 1605 1169 1706 aggrediendi
1192 1606 1318 1681 hostes
1342 1618 1412 1680 eto.
1431 1605 1566 1680 Ultima
1580 1605 1643 1679 illa
1668 1631 1753 1704 pars

137 1728 187 1802 ab
209 1730 291 1804 alio
308 1729 409 1805 lonte
426 1730 674 1805 verisimiliter
692 1744 885 1830 promanat
906 1744 943 1805 et
967 1730 1118 1830 insuper
1133 1729 1285 1805 minoris
1303 1743 1360 1805 est
1381 1730 1555 1805 momenti
1578 1756 1661 1804 cum
1678 1730 1753 1804 iam

135 1848 499 1954 tractatusplurimi
521 1854 767 1928 astronomiae
786 1868 822 1927 et
841 1854 1066 1954 astrologiae
1087 1855 1162 1928 sint
1183 1868 1220 1928 et
1242 1854 1331 1928 editi
1353 1867 1390 1928 et
1408 1854 1564 1954 vulgati.
1589 1854 1753 1929 Priorem

135 1990 275 2052 tamen
293 1990 437 2077 partem
456 1978 640 2079 integram
659 1978 793 2052 edituri
812 2003 954 2068 sumus,
972 1979 1059 2077 quia
1073 1978 1229 2052 multum
1243 1979 1384 2052 confert
1403 1979 1449 2052 ad
1468 1978 1659 2053 historiam
1679 2005 1753 2052 non

136 2115 295 2176 tantum
317 2106 522 2176 Testamenti
538 2107 651 2197 patris
671 2106 780 2175 nostri
797 2106 905 2176 Adam
926 2103 992 2178 sed
1012 2103 1122 2176 etiam
1141 2103 1424 2204 Angelologiae.
1443 2103 1598 2177 Nomina
1614 2103 1691 2190 illa,
1707 2129 1753 2177 ex

138 2226 325 2301 hebraico
340 2226 439 2300 lonte
460 2251 570 2325 saepe
585 2227 729 2314 hausta,
747 2228 860 2300 tradit
876 2227 1108 2325 Apollonius,
1127 2240 1170 2300 ut
1186 2228 1341 2327 quisque
1361 2228 1572 2327 astrologus
1587 2227 1751 2328 prolerre

138 2350 269 2450 possit
289 2350 439 2425 nomina
463 2375 573 2449 quam
595 2351 750 2425 maxime
769 2351 1048 2425 accommodata
1072 2353 1110 2424 in
1132 2351 1210 2426 suis
1226 2352 1501 2452 precationibus
1521 2365 1559 2425 et
1582 2352 1751 2426 coniura-

138 2474 328 2548 tionibus.
351 2473 570 2548 Huiusmodi
596 2474 895 2550 nomenclaturae
921 2475 1157 2549 iuveniuntur
1176 2475 1213 2548 in
1241 2475 1335 2550 libro
1354 2481 1498 2563 Herrorlr,
1524 2476 1610 2549 licet
1635 2502 1752 2575 pauca
1801 2558 1805 2566 ,

138 2611 294 2673 tantum
313 2599 468 2673 nomina·
486 2599 561 2672 sint
577 2599 722 2697 utrique
742 2598 836 2673 libro
855 2599 1075 2673 communia.

218 2725 279 2818 (C)
299 2723 424 2799 Codex
443 2747 600 2823 graecus
618 2724 714 2796 2316
735 2723 799 2796 iol.
819 2725 904 2796 324*
926 2725 1022 2797 inter
1040 2724 1142 2797 varia
1169 2735 1340 2823 excerpta
1362 2724 1517 2797 aliorum
1541 2724 1750 2825 astrologo-

141 2872 241 2936 rum,
261 2847 370 2921 oliert
391 2861 534 2921 tantum
556 2876 565 2919 t
587 2854 634 2920 De
660 2851 796 2920 nominc
819 2852 981 2921 horarum
1008 2851 1077 2921 diei
1100 2874 1140 2921 ac
1164 2852 1269 2921 noctis
1293 2848 1372 2923 sine
1399 2848 1546 2922 nomine
1572 2849 1746 2922 auctoris.

220 2975 284 3066 (D)
302 2972 426 3046 Codex
444 2975 557 3067 suppl.
575 2998 689 3067 praec.
711 2972 772 3056 20,
790 2971 853 3044 tol.
883 2972 964 3060 170,
983 2972 1190 3072 exscriptus
1210 2984 1267 3046 est
1287 2997 1308 3045 a
1328 2976 1372 3044 D.
1392 2972 1546 3046 lemaele
1567 2970 1749 3046 Bullialdo

141 3121 163 3169 e
191 3096 324 3170 codiee
350 3097 384 3169 A
410 3102 490 3191 (seu
517 3097 627 3190 2419)
656 3109 693 3169 at
722 3095 878 3170 multum
913 3095 1020 3170 nobis
1052 3095 1206 3195 proluit,
1235 3121 1319 3170 nam
1353 3121 1482 3170 omnes
1513 3096 1575 3170 isti
1604 3096 1750 3171 codices

142 3219 365 3320 astrologici
393 3221 553 3319 pessima
584 3233 670 3293 sunt
698 3218 837 3293 exarati
864 3231 900 3292 et
928 3219 1071 3293 mendis
1095 3234 1252 3310 scatent,
1278 3234 1320 3294 ut
1347 3220 1474 3294 videre
1503 3231 1559 3294 est
1590 3219 1683 3293 inira
1712 3220 1749 3292 in

143 3356 329 3443 apparatu
349 3345 490 3433 critico,
509 3344 664 3441 ipsemet
681 3343 886 3417 Bullialdus
907 3367 981 3417 non
1003 3344 1125 3418 omnia
1146 3344 1380 3443 transcripsit
1404 3344 1470 3418 sed
1490 3369 1599 3443 saepe
1615 3343 1751 3443 profuit

146 3468 258 3543 nobis
283 3467 381 3541 illius
402 3468 526 3542 lectio.

357 3755 401 3826 ll.
432 3756 484 3824 An
506 3755 654 3848 putruerit
674 3755 875 3847 Apollonius
899 3756 1086 3848 iporiensis
1107 3755 1232 3825 librum
1252 3757 1353 3825 istum
1374 3754 1549 3826 seribere?

220 3982 418 4083 Apollonio
437 3983 499 4058 vix
513 3996 670 4069 mortuo,
688 3984 760 4055 iam
781 3973 847 4081 per
868 4008 933 4055 ora
950 3982 1055 4083 vulgi
1078 3996 1116 4056 et
1133 4008 1357 4082 praeconum
1376 3998 1417 4057 ut
1432 4010 1563 4084 magus
1585 3984 1747 4058 habeha-
1847 3990 1852 3999 ’

145 4119 219 4179 tur.
239 4111 332 4180 ·Hoc
357 4106 593 4180 asseverabat
613 4110 868 4207 Moeragenes,
896 4107 1036 4206 primus
1054 4107 1133 4180 eius
1158 4107 1494 4207 historiographus,
1519 4108 1615 4182 siout
1636 4109 1747 4207 paulo

145 4244 233 4327 post
251 4244 411 4304 testatus
431 4242 488 4304 est
507 4230 691 4328 Origenes
711 4230 769 4303 his
788 4230 957 4306 verbis²z

220 4358 300 4453 Περὶ
319 4366 450 4455 μαγείας
466 4360 566 4453 φαμὲν
581 4362 661 4427 ὅτιὸ
682 4363 863 4452 βουλόμενος
875 4358 1028 4442 ἐξετάσαι,
1046 4361 1177 4454 πότερόν
1195 4386 1270 4428 ποτε
1289 4359 1344 4428 καὶ
1361 4368 1521 4456 φιλόσοφοι
1537 4360 1657 4429 ἁλωτοί
1675 4374 1747 4430 εἰσιν

146 4486 227 4578 αὐτῇ
251 4482 270 4558 ir
296 4488 352 4576 pri,
375 4485 543 4579 ἀναγνώτω
561 4490 602 4551 τὰ
623 4491 820 4579 γεγραμμένα
839 4485 1036 4578 Μοιραγένει,
1058 4492 1205 4578 <πεφὶ>
1219 4499 1284 4552 τῶν
1304 4484 1516 4555 Ἀπολλωνίου
1536 4497 1590 4555 τοῦ
1607 4488 1748 4567 Τυανέως

146 4614 246 4702 μάγου
265 4606 318 4674 ani
339 4608 503 4701 φιλοσόφου
527 4613 863 4701 ἀπομνημονευμάτων,
886 4607 916 4674 ἐν
936 4604 1012 4687 ciri
1040 4614 1082 4701 μή
1108 4609 1308 4703 Χριστιανὸς,
1332 4611 1416 4678 ἀλλὰ
1433 4613 1612 4704 φιλόσοφος,
1636 4613 1746 4707 ἔφησεν

146 4734 267 4798 ἁλῶναι
283 4736 415 4811 ὑπὸτῆς
434 4734 462 4798 ἐν
481 4731 684 4818 Ἀπολλωνίῳ
700 4739 830 4824 μαγείας
845 4733 901 4800 οὐκ
917 4733 1050 4827 ἀγεννεῖς
1063 4758 1149 4812 τινας
1171 4738 1364 4827 φιλοσόφους,
1381 4740 1422 4813 ὡς
1439 4743 1513 4828 πρὸς
1529 4736 1633 4831 γόητα
1652 4739 1746 4806 αὐτὸν

146 4855 351 4933 εἰσελθόντας.
370 4855 437 4940 Qui
450 4855 537 4923 scire
557 4854 710 4935 soluerit,
729 4856 834 4947 possit
854 4855 936 4946 quid
954 4878 1000 4924 an
1019 4855 1110 4923 nihil
1129 4856 1163 4924 in
1179 4856 1397 4949 philosophos
1412 4881 1470 4928 ars
1490 4860 1636 4950 mapira,
1657 4861 1747 4951 lepat

147 4977 299 5050 iserlr'tus
313 5003 335 5048 a
354 4983 552 5070 Moeragene
573 5002 622 5047 res
637 4978 811 5071 Apollonii
831 4980 1031 5071 Tyanerrsis,
1060 4980 1155 5071 nrapi
1170 4981 1277 5050 simul
1295 4992 1325 5049 et
1337 4982 1547 5074 philosophi,
1578 5007 1746 5054 nrenrora·

147 5101 241 5172 biles.
266 5107 478 5195 Moeragenes
502 5115 614 5173 autern
642 5103 702 5173 ille
726 5127 792 5173 που
812 5103 1042 5187 Christianus,
1069 5104 1125 5172 sal
1145 5105 1366 5197 philosophas
1388 5117 1475 5175 erat.
1499 5110 1613 5196 Refert
1635 5119 1746 5178 tamen

207 5337 234 5394 1.
258 5329 369 5394 Codex
392 5330 446 5393 ille
470 5339 598 5413 eruptus
621 5339 672 5393 est
692 5330 724 5392 in
749 5329 840 5394 ltalia
862 5351 880 5392 a
903 5329 1065 5394 Gulielmo
1086 5330 1236 5408 Pelicier;
1261 5330 1382 5417 legitur
1405 5333 1438 5395 in
1453 5333 1515 5396 fine
1541 5334 1605 5416 (iol.
1628 5342 1711 5417 231⁸]
1735 5359 1741 5400 :

146 5436 198 5495 issi
216 5439 331 5518 Χριστοῦ
352 5443 428 5500 1573
442 5438 490 5511 τὴν
506 5440 533 5497 δε
547 5438 595 5511 τὴν
611 5437 702 5519 βίὸλον
716 5436 892 5516 deiparat
912 5438 1027 5499 Ναυλὼε
1042 5444 1090 5512 τῆς
1103 5440 1234 5508 sordidos.
1250 5436 1349 5502 Anno
1367 5439 1493 5504 Car-issi
1509 5444 1598 5521 1573,
1615 5442 1744 5507 Nauloi

147 5541 300 5606 vallensis
314 5542 442 5628 (gallice
459 5564 466 5605 :
484 5543 605 5607 Claude
620 5543 738 5608 Naulot
752 5542 929 5626 d'Avallon)
946 5544 1025 5628 legit
1038 5545 1124 5607 bunc
1140 5545 1270 5610 libram.

204 5653 234 5710 2.
250 5648 372 5734 Migne,
386 5649 426 5712 P.
446 5648 484 5715 G.
500 5659 524 5715 t.
541 5648 596 5725 Xl,
613 5650 675 5713 ool.
695 5654 782 5713 1357.
