4108 6458
584 471 640 534 DE
662 471 993 537 PERSECUTlONE
1017 469 1210 537 SAPORIS.
1637 478 1695 537 703

99 672 213 745 esset,
229 660 376 760 quando
393 659 623 734 Barba‘smin
642 661 795 759 regebat
816 660 979 734 Orientis
997 660 1226 746 eeclesiam¹,
1244 659 1306 759 qui
1325 672 1421 734 teste
1437 661 1694 735 Barhebraeo²

100 793 295 894 episcopos
310 806 347 865 et
362 792 558 891 religiosos
576 792 680 866 enixe
696 792 925 879 hortabatur,
945 806 985 866 ut
999 806 1121 866 vestes
1141 806 1324 866 mutarent
1338 765 1522 892 albasque⁸
1533 795 1695 867 saecula·

101 927 193 999 rium
217 926 335 1023 instar
358 925 564 1012 induerent,
586 951 659 1025 quo
681 926 819 999 illatam
840 926 886 999 ab
906 926 1018 1026 impio
1044 930 1181 1025 Sapore
1200 926 1492 1025 persecutionem
1513 927 1696 1001 declinare

100 1071 266 1158 possent.
289 1062 365 1133 Neo
380 1058 485 1132 lacile
501 1058 689 1157 probabile
709 1072 767 1134 est
782 1072 947 1158 tempore
962 1072 1037 1132 tam
1054 1059 1261 1159 periculoso
1277 1059 1435 1158 aliquem
1452 1061 1570 1133 virum
1586 1061 1697 1133 ambi·

100 1192 236 1265 tiosum
249 1191 408 1265 honores
428 1217 617 1291 quaerere,
636 1193 697 1290 qui
713 1192 747 1265 ei
764 1192 854 1264 nihil
870 1192 1052 1277 utilitatis,
1071 1193 1144 1265 imo
1158 1192 1416 1266 detrimentum
1430 1192 1554 1291 potius
1569 1193 1697 1267 allerre

102 1337 286 1425 poterant.
312 1328 467 1398 Demum
492 1351 511 1398 e
538 1351 573 1397 n.
595 1327 642 1398 45
668 1325 834 1399 eiusdem
862 1328 968 1399 Dem.
989 1339 1089 1425 patet
1109 1351 1236 1425 pacem
1261 1339 1423 1399 mutuam
1445 1326 1700 1426 episcoporum

103 1458 281 1533 ecclesiae
295 1457 458 1533 Orientis
474 1458 584 1531 etiam
600 1458 766 1532 discidiis
785 1458 968 1532 turbatam
987 1459 1115 1546 fuisse,
1134 1460 1180 1532 ad
1194 1484 1286 1558 quas
1302 1458 1534 1559 potissimum
1549 1484 1698 1560 compo-

102 1592 244 1665 nendas
262 1593 468 1690 Apbraates
489 1591 682 1690 epistolam
695 1618 800 1664 suam
820 1617 859 1665 se
876 1592 1142 1691 conscripsisse
1159 1603 1329 1665 testatur.
1349 1596 1424 1665 Nec
1437 1592 1586 1666 obstant
1604 1592 1699 1666 allu-

104 1725 228 1799 siones
253 1726 299 1797 ad
321 1724 485 1798 diverses
509 1724 749 1812 calamitates,
775 1750 865 1824 ques
887 1724 1023 1798 ibidem
1046 1726 1256 1823 frequenter
1282 1739 1558 1812 commemorat3
1581 1751 1698 1798 annus

102 1857 201 1933 enim
217 1870 370 1956 quartus
385 1858 578 1957 agebatur,
597 1883 669 1956 quo
686 1858 864 1931 ecclesiae
886 1858 1024 1932 destrui
1046 1884 1212 1956 coepere,
1230 1883 1303 1931 non
1319 1883 1410 1958 ergo
1429 1858 1561 1932 mirum
1580 1872 1649 1942 est,
1667 1858 1699 1931 si

103 1991 339 2091 probationes
363 1992 548 2065 Ecclesiae
568 1991 726 2064 indictas
748 1992 886 2065 recolat
905 2016 1040 2090 easque
1059 1991 1097 2064 in
1113 2017 1269 2092 poenam
1288 2004 1522 2091 peccatorum
1541 1992 1587 2065 ab
1608 1991 1700 2091 ipsis

103 2123 331 2224 principibus
352 2124 539 2203 Ecclesiae
560 2125 838 2197 commissorum
853 2124 1033 2199 accidisse
1054 2137 1204 2198 statuat.

179 2258 391 2332 Persecutio
410 2258 617 2357 proludere
634 2284 721 2331 vera
739 2283 835 2331 anno
854 2259 896 2330 31
922 2257 1071 2358 Saporis
1085 2258 1229 2357 incepta
1244 2270 1314 2343 est,
1334 2258 1388 2331 uti
1409 2258 1585 2357 Martyria
1598 2270 1701 2330 utra-

105 2417 176 2490 que
198 2406 296 2465 recte
317 2403 501 2478 statuunt;
525 2403 648 2465 errant
668 2404 803 2480 autem,
823 2417 905 2464 cum
924 2403 1078 2465 mortem
1099 2391 1280 2465 Simeonis
1299 2391 1368 2464 hoc
1389 2389 1517 2464 eodem
1534 2416 1630 2463 anno
1646 2416 1703 2464 ac·

105 2524 239 2598 cidisse
250 2524 389 2597 dicunt.
401 2525 572 2598 Ceterum
583 2549 628 2597 ex
637 2523 729 2622 ipsis
741 2524 928 2624 martyriis
941 2524 1068 2624 liquet,
1082 2524 1300 2597 documenta
1312 2523 1454 2624 origine
1465 2536 1574 2596 tenus
1586 2536 1705 2597 utros-

105 2682 176 2756 que
196 2669 349 2731 eventus
369 2656 597 2745 distinxisse,
623 2669 732 2756 prout
747 2683 793 2731 ex
818 2658 961 2743 duobus
981 2656 1091 2743 datis,
1117 2659 1162 2730 31
1184 2682 1280 2730 anno
1297 2656 1447 2755 Saporis
1466 2670 1502 2730 et
1524 2658 1590 2730 117
1609 2681 1705 2729 anno

106 2789 389 2864 Sassanidarum
404 2790 530 2889 liquet,
552 2790 590 2862 hi
611 2790 734 2889 itaque
750 2790 892 2863 numeri
904 2816 969 2889 per
989 2814 1149 2863 errorem
1173 2789 1468 2888 inexplicabilem
1484 2791 1531 2862 ad
1548 2789 1706 2863 eundem

105 2935 277 2997 eventum
291 2922 556 3011 referebantur,
578 2935 687 3022 atque
708 2947 753 2996 ex
768 2923 836 2996 bec
857 2923 1143 2996 identificatione
1162 2923 1256 2996 alius
1278 2949 1379 2995 error
1394 2933 1496 2995 ortus
1513 2935 1581 2995 est.
1604 2921 1705 2994 Reli-

105 3082 178 3155 qua
193 3056 289 3129 enim
308 3057 497 3156 martyria,
515 3040 609 3154 qdae
624 3055 761 3155 pariter
782 3056 925 3155 origine
944 3069 1053 3130 tenus
1073 3081 1094 3129 a
1114 3069 1230 3130 morte
1252 3060 1290 3129 S.
1310 3055 1491 3129 Simeonis
1515 3066 1706 3128 numerata

106 3215 189 3263 esse
216 3188 400 3277 videntur,
424 3190 601 3289 martyrio
624 3192 662 3262 S.
688 3190 871 3263 Simeonis
896 3189 1109 3289 anticipato,
1133 3190 1239 3263 annis
1261 3202 1419 3288 quatuor
1444 3200 1582 3262 remota
1604 3201 1701 3260 sunt.

107 3322 190 3396 Alia
205 3323 372 3421 quaestio
388 3335 513 3396 tamen
529 3334 598 3408 est,
623 3336 747 3395 utrum
770 3322 863 3395 falsa
879 3322 968 3396 haec
993 3323 1216 3421 computatio
1232 3348 1411 3396 annorum
1430 3320 1552 3395 omnia
1566 3333 1706 3421 marty-

108 3456 161 3528 ria
187 3456 351 3529 allecorit
377 3481 425 3528 an
458 3456 581 3554 aliqua
606 3456 772 3529 tantum?
798 3460 1028 3554 Responsum
1056 3456 1136 3555 ipsa
1165 3457 1258 3530 Acta
1290 3460 1491 3554 Martyrum
1517 3453 1702 3528 exhibent.

107 3588 319 3662 Persecutio
344 3588 515 3662 nimirum
534 3613 630 3661 anno
650 3590 695 3661 31
718 3589 868 3688 Saporis
892 3590 1038 3688 incepta
1056 3614 1172 3689 usque
1192 3590 1239 3662 ad
1261 3601 1416 3661 mortem
1438 3588 1552 3688 Regis
1570 3587 1707 3687 perdu-

108 3722 214 3808 ravit,
241 3746 349 3820 porro
369 3735 495 3795 uotum
514 3734 571 3795 cst
590 3748 635 3795 ex
653 3721 757 3796 Actis
781 3722 1039 3815 ‘Alekebsmae
1067 3748 1162 3796 anno
1183 3724 1228 3796 37
1250 3721 1521 3796 Persecutionis
1541 3721 1706 3820 (proinde

109 3855 179 3927 378
205 3854 282 3928 sere
313 3879 409 3928 anno
437 3856 540 3951 Diri),
566 3880 700 3928 novum
730 3854 891 3929 edictum
919 3868 1047 3930 eontra
1073 3855 1303 3929 Christianos
1328 3855 1461 3928 exiisse
1491 3866 1528 3928 et
1559 3867 1706 3927 sanctos

109 3988 201 4060 istos
216 3989 410 4087 Martyres,
429 3988 490 4087 qui
511 4013 593 4060 cum
617 3974 839 4063 ‘Akkehsma
858 3989 959 4088 passi
980 4001 1078 4076 sunt,
1102 4015 1168 4087 per
1184 3989 1383 4063 triennium
1399 3989 1437 4060 in
1457 3988 1623 4061 custodia
1640 3987 1706 4060 de·

109 4134 231 4194 tentos
247 4134 284 4194 et
300 4120 425 4194 multis
442 4121 665 4194 cruciatibus
685 4135 802 4195 tortos
823 4147 924 4209 esse;
943 4123 1027 4195 hinc
1047 4122 1161 4220 liquet
1180 4123 1396 4222 martyrium
1415 4121 1707 4194 ‘Akkebsmaeet

111 4254 294 4327 sociorum
307 4267 405 4326 recte
419 4254 457 4326 in
476 4254 581 4327 Actis
597 4255 711 4328 statui
722 4258 749 4339 ³,
772 4281 869 4328 anno
885 4255 1014 4328 ultimo
1031 4256 1194 4355 Saporis,
1211 4256 1283 4329 379
1296 4255 1476 4340 evenisse,
1494 4266 1531 4327 et
1551 4255 1629 4328 sine
1641 4255 1705 4327 du·

110 4386 171 4459 bio
191 4386 301 4459 etiam
317 4385 414 4459 idem
432 4386 626 4461 dicendum
638 4389 707 4462 erit
722 4388 767 4461 de
783 4389 888 4462 Actis
907 4392 944 4461 S.
967 4392 1171 4488 Martyrum
1185 4390 1411 4487 captivorum
1423 4392 1449 4474 ⁸,
1470 4388 1532 4486 qui
1548 4412 1644 4460 enno
1660 4388 1706 4460 53

111 4519 261 4618 Saporis
277 4521 491 4620 martyrium
508 4521 665 4594 subiisse
681 4521 865 4609 dicuntur,
884 4523 921 4595 id
938 4534 995 4596 est
1014 4548 1110 4595 anno
1128 4522 1213 4610 362,
1235 4521 1341 4595 initio
1356 4521 1442 4594 belli
1456 4521 1558 4621 longi
1574 4519 1705 4594 luliani

111 4664 300 4751 apostatae
320 4679 403 4725 cum
423 4655 579 4752 Sapore;
601 4680 775 4728 numerus
795 4655 918 4755 itaque
940 4681 1021 4728 cum
1047 4655 1237 4728 eventibus
1262 4654 1408 4728 aliunde
1432 4655 1529 4728 notis
1554 4679 1707 4727 concor-

112 4785 186 4873 dat,
207 4786 360 4884 proinde
382 4786 481 4859 nulla
504 4788 596 4860 ratio
617 4801 686 4877 est,
709 4814 774 4861 cur
792 4789 983 4861 veritatem
1004 4788 1089 4861 anni
1112 4789 1277 4888 martyrii
1291 4788 1328 4860 iu
1349 4787 1499 4860 dubium
1517 4812 1702 4873 vocemus,

172 5007 180 5044 ⁴
200 5005 255 5068 Sic
279 5005 361 5070 Acta
386 4984 527 5071 Sabdost
546 5019 577 5072 et
597 5009 810 5081 Barba‘dmin,
836 5010 953 5094 quibus
974 5011 1149 5073 assentitur
1172 5009 1413 5085 Barhebraeus3
1434 5007 1513 5071 Amr
1535 5010 1588 5072 ibn
1607 5009 1708 5071 Malla

113 5122 222 5174 contra
241 5111 351 5175 sedem
372 5112 597 5177 Seleucensem
617 5116 709 5177 annis
730 5115 832 5177 tribus
852 5136 984 5179 vacasse
1004 5116 1082 5179 dicit
1101 5127 1132 5179 et
1153 5126 1288 5179 mortem
1308 5116 1443 5180 dabdost
1459 5137 1541 5178 anno
1556 5121 1612 5177 661
1630 5136 1704 5177 eve-

113 5218 198 5281 nisse
214 5219 337 5282 statuit.

172 5324 223 5386 11.
242 5324 279 5388 B.
296 5325 458 5389 Abbcloos
477 5338 509 5391 et
527 5328 589 5390 Tb.
607 5328 718 5410 Lamy,
738 5327 892 5412 Gregorii
907 5330 1117 5393 Borbebroei
1129 5330 1306 5394 chronicon
1326 5331 1595 5408 ecclesiasticum,
1617 5337 1639 5390 t.
1664 5327 1704 5403 ll,

115 5429 254 5505 Lovauii,
275 5435 361 5508 1871,
379 5454 411 5515 p.
429 5439 478 5497 39.

172 5538 185 5576 ³
206 5538 253 5601 St.
277 5538 314 5600 E.
335 5539 516 5617 Assemani,
537 5540 622 5604 Aeta
644 5542 702 5607 SS.
719 5542 908 5625 Martyrum
924 5545 1134 5607 orientalium
1150 5555 1181 5606 et
1199 5545 1462 5619 occidentalium,
1484 5553 1507 5605 t.
1531 5542 1554 5617 l,
1573 5541 1706 5615 Romae,

116 5648 202 5721 1718,
218 5664 250 5727 p.
270 5650 337 5708 178.

173 5751 420 5835 *11818131
483 5718 487 5723 ¹
