4122 6472
579 1231 1044 1328 TESTAMENTUM
1081 1232 1250 1329 toan

774 1794 1052 1866 PRAEFATIO

185 2208 301 2283 Moris
337 2220 416 2281 erat
450 2206 736 2294 haereticorum,
766 2207 988 2307 quandoque
1021 2209 1132 2282 etiam
1164 2207 1452 2283 orthodoxorum
1481 2208 1712 2309 antiquitatis

110 2342 350 2430 christianae,
372 2341 507 2441 placita
527 2366 594 2415 sua
613 2340 823 2441 dogmatica
840 2341 878 2413 in
900 2366 963 2413 ore
984 2341 1146 2414 virorum
1165 2341 1364 2415 illustrium
1382 2367 1520 2441 ponere
1540 2345 1711 2442 specula·

106 2476 306 2574 tionesque
338 2499 424 2548 suas
454 2474 492 2548 in
518 2474 667 2573 scriptis
691 2473 914 2573 apocryphis
941 2498 1157 2573 congerere,
1183 2499 1276 2574 quas
1299 2476 1514 2575 plerumque
1542 2478 1711 2576 personis

111 2607 264 2682 biblicis
290 2620 477 2707 tamquam
499 2606 712 2681 auctoribus
734 2604 1007 2702 adscribebant,
1032 2618 1074 2679 ut
1099 2606 1166 2680 hac
1191 2607 1333 2682 ratione
1359 2609 1463 2683 ideas
1493 2634 1580 2683 suas
1603 2609 1711 2685 theo-

110 2740 258 2841 logicas
286 2740 432 2815 facilius
456 2751 718 2840 propagarent.
776 2739 939 2813 Historia
969 2738 1149 2838 imprimis
1182 2741 1380 2815 creationis
1409 2755 1710 2842 protoparentum

108 2873 313 2974 lapsusque
340 2899 467 2948 eorum
485 2872 578 2947 tanti
605 2884 710 2947 erant
737 2873 911 2947 momenti
934 2872 973 2946 in
997 2872 1168 2947 omnibus
1195 2873 1460 2972 systematibus
1487 2875 1709 2976 theologicis

109 3006 344 3106 antiquitatis
371 3007 607 3094 christianae,
634 3018 676 3080 ut
699 3005 831 3079 mirum
864 3017 976 3094 esset,
1006 3006 1038 3079 si
1067 3005 1244 3080 librorum
1275 3006 1569 3107 apocryphorum
1594 3009 1710 3083 fabri-

109 3152 256 3214 catores
297 3166 357 3215 res
396 3141 491 3214 tanti
530 3140 702 3239 ponderis
742 3139 1009 3239 sphalmatibus
1044 3139 1464 3239 hallucinationibusque
1508 3141 1587 3215 suis
1635 3169 1709 3218 non

107 3285 363 3349 exornassent.
419 3276 495 3346 lam
521 3274 676 3374 igitura
701 3273 813 3372 priori
841 3284 981 3346 certum
1006 3271 1152 3345 videtur
1170 3272 1305 3346 multos
1331 3272 1518 3348 exstitisse
1546 3275 1708 3374 antiqui-

104 3416 166 3479 tus
185 3406 300 3481 libros
320 3407 365 3491 de
385 3407 504 3480 Adam
522 3419 560 3479 et
584 3405 722 3479 familia
747 3406 827 3479 eius
853 3418 1026 3505 agentem
1049 3418 1176 3479 notum
1203 3405 1313 3479 etiam
1340 3420 1397 3480 est
1423 3432 1442 3480 e
1468 3408 1708 3482 relationibus

109 3539 333 3640 scriptorum
358 3539 536 3614 ccclesiae
563 3539 796 3638 antiquorum
820 3539 916 3612 tales
941 3537 1056 3640 libros
1081 3537 1290 3613 venditatos
1317 3544 1440 3627 esse',
1469 3540 1558 3640 quin
1583 3555 1707 3616 tamen

104 3669 150 3743 de
171 3687 392 3773 argumento
419 3671 599 3747 eiusmodi
625 3672 846 3772 scriptorum
863 3683 1010 3770 praeter
1026 3670 1175 3745 titulum
1189 3671 1289 3745 aliud
1309 3686 1535 3773 compertum
1555 3672 1707 3748 habuis-

103 3828 244 3880 semus.

179 3941 337 4012 Demum
353 3965 448 4014 anno
462 3941 554 4012 1853
565 3942 743 4012 Ernestus
752 3941 879 4011 Renan
892 3937 1010 4036 prima
1021 3937 1100 4011 vice
1116 3936 1315 4037 publicavit
1329 3950 1488 4036 quatuor
1501 3939 1706 4039 fragmenta

108 4068 147 4142 in
167 4072 400 4171 ephemeride
423 4077 570 4147 Journal
592 4076 769 4167 Aetolique
797 4095 871 4144 una
895 4095 978 4144 cum
1002 4070 1283 4167 dissertatione,
1304 4095 1398 4170 quae
1420 4071 1531 4145 etiam
1555 4097 1706 4171 separa-

109 4203 175 4276 tim
206 4205 306 4279 edita
335 4219 393 4279 est
421 4205 489 4279 sub
521 4205 663 4279 titulo:
697 4211 900 4298 Fragments
931 4206 978 4275 du
1009 4208 1096 4277 livre
1123 4206 1300 4299 pacatique
1333 4207 1472 4277 intitule'
1498 4209 1706 4302 Apocalypse

104 4339 261 4425 d'ldom,
280 4365 323 4411 oo
338 4342 517 4412 Pertinace
533 4340 688 4424 d'Adom,
705 4364 748 4409 ou
768 4343 957 4410 Testament
970 4339 1127 4422 d'Adom,
1147 4336 1264 4425 Paris,
1286 4337 1392 4408 1854.
1412 4340 1539 4411 Renan
1556 4339 1705 4437 quidem

108 4492 202 4568 opus
221 4470 412 4571 antiquum
431 4447 677 4546 ab'eoolesiae
697 4470 868 4544 Patribus
887 4470 1077 4543 laudatum
1101 4495 1141 4542 se
1162 4469 1348 4543 detexisse
1368 4469 1536 4568 putabat,
1558 4496 1597 4546 re
1616 4498 1704 4546 vera

106 4613 229 4678 tamen
261 4629 377 4678 nexus
402 4605 704 4705 fragmentorum,
731 4628 824 4703 quae
850 4629 902 4699 op.
922 4608 981 4676 cit.
1007 4601 1146 4702 publici
1171 4601 1264 4675 iuris
1283 4602 1384 4690 lecit,
1407 4628 1507 4679 mere
1528 4618 1703 4681 externus

106 4747 176 4824 est,
194 4737 233 4810 in
252 4748 430 4835 quantum
453 4739 499 4812 ab
518 4735 805 4811 amanuensibus
821 4735 947 4834 phrasi
959 4736 1020 4818 >at
1034 4750 1120 4812 turb}
1135 4744 1184 4795 Α
1203 4735 1323 4809 eidem
1337 4737 1439 4833 operi
1459 4737 1701 4813 adnumeran-

105 4879 177 4944 tur.
234 4873 287 4943 Re
305 4871 513 4944 accuratius
532 4870 699 4969 inspecta
720 4869 928 4968 fragmenta
947 4869 1011 4942 illa
1032 4868 1079 4941 ad
1103 4869 1174 4942 tria
1194 4867 1340 4942 diversa
1359 4869 1499 4968 scripta
1518 4871 1702 4970 pertinere

104 4999 438 5103 deprehenduntur,
460 5027 553 5104 quae
572 5003 610 5075 in
629 5001 746 5076 forma
764 5002 872 5076 nobis
892 5002 1124 5101 praeiacente
1144 5001 1302 5101 originis
1322 5002 1517 5101 gnosticae
1537 5028 1620 5079 esse
1641 5006 1703 5079 vix

110 5133 181 5209 dici
202 5150 372 5237 possunt,
398 5137 451 5211 ita
468 5149 510 5211 ut
531 5162 576 5210 ne
600 5136 728 5209 titulus
756 5135 904 5236 quidem
928 5134 1094 5209 fasciculi
1120 5159 1141 5207 a
1161 5137 1290 5208 Renan
1318 5106 1407 5208 editi
1434 5164 1452 5206 a
1476 5135 1582 5211 Livre
1607 5139 1700 5212 Gno-

104 5268 259 5369 atique»
276 5270 468 5345 iustificari
489 5269 608 5370 possit
622 5272 647 5340 ⁸.

176 5403 305 5477 Priora
327 5429 483 5504 namque
507 5403 580 5477 duo
598 5403 806 5502 fragmenta
829 5402 1015 5476 horarium
1039 5401 1224 5501 quoddam
1244 5401 1440 5501 mysticum
1459 5426 1526 5501 pro
1541 5415 1621 5477 tota
1639 5404 1699 5480 die

161 5607 170 5644 ⁴
188 5607 286 5672 Liber
299 5607 429 5693 quidam
443 5608 648 5692 apocryphus
662 5607 752 5671 Adae
767 5617 962 5671 memoratur
976 5607 1040 5670 iam
1054 5606 1088 5670 in
1102 5606 1250 5691 catalogo
1269 5605 1426 5671 librorum
1441 5607 1698 5692 apocryphorum

104 5710 376 5779 Comtitutionum
389 5716 624 5800 Apostolorum
641 5714 706 5797 (Vl,
730 5716 776 5797 16)
793 5736 800 5776 :
818 5714 873 5776 Καὶ
894 5716 921 5774 iv
940 5722 994 5782 τοῖς
1015 5715 1145 5783 Παλαιοῖς
1164 5714 1332 5798 συνέγραψαν
1353 5714 1445 5795 prolia
1466 5715 1607 5798 ἀπόκρυφα
1628 5718 1697 5778 Μω-
