4122 6472
750 503 757 518 .
817 446 1072 513 PRAEFATIO.
1665 461 1742 519 1370

198 616 246 686 ln
278 614 348 688 illo
379 625 482 687 textu
513 626 571 686 sat
599 624 724 711 aperte
751 611 969 711 designatur
995 611 1088 685 liber
1115 624 1242 687 noster
1270 640 1278 682 :
1308 615 1455 688 larchas
1488 616 1585 689 eninr
1616 615 1740 690 docuit

116 737 384 836 Apollonium
406 766 423 809 u
444 741 609 811 rationem
628 739 897 832 appellationum
918 762 1004 832 qaas
1024 739 1092 808 aas
1113 741 1332 831 pratariam
1353 765 1423 811 esse
1441 770 1459 807 ν
1482 752 1646 814 noverat.
1666 742 1740 815 Sed

115 876 232 937 totus
261 877 326 937 est
350 862 444 936 liber
462 876 589 937 noster
612 860 649 934 in
666 860 845 934 tradendo
872 859 1138 960 appellationes
1157 861 1390 962 gratissimas
1415 863 1496 937 Diis
1520 876 1557 938 et
1577 864 1616 938 in
1635 890 1739 940 asse·

123 988 256 1061 rendo
295 987 419 1061 omnia
455 986 610 1060 feliciter
650 998 826 1060 eventura
858 983 911 1057 illi
940 985 1001 1084 qui
1033 985 1126 1059 tales
1156 987 1421 1085 appellationes
1445 987 1606 1086 prolerre
1632 1003 1738 1088 pote·

119 1110 187 1185 rit.
220 1115 332 1187 Haec
358 1111 506 1210 quidem
532 1109 744 1196 vanissima,
771 1134 817 1183 ne
844 1109 963 1182 dicam
987 1108 1140 1198 absona,
1164 1123 1263 1198 sunt,
1289 1111 1475 1186 sedidem
1499 1113 1652 1187 innuere
1682 1114 1738 1187 vi·

119 1237 244 1311 detur
266 1238 428 1336 ipsemet
456 1235 698 1308 Philostrates
727 1233 853 1307 dicens
876 1261 884 1306 :
909 1262 926 1304 u
953 1236 1010 1305 sed
1034 1260 1094 1330 epo
1114 1249 1283 1308 astrorum
1307 1239 1495 1324 solertiam,
1513 1251 1613 1333 atque
1635 1242 1735 1312 talem

119 1364 327 1435 divinandi
348 1375 457 1434 artent
483 1385 630 1445 omnem
654 1363 825 1432 bonanae
847 1373 996 1433 naturae
1021 1373 1126 1432 metas
1152 1362 1309 1433 eoecedere
1324 1375 1425 1455 pato,
1452 1374 1483 1433 et
1508 1376 1622 1434 atram
1641 1366 1736 1458 qais-

119 1492 232 1581 piam
255 1512 339 1558 uere
353 1491 464 1581 ipsam
482 1490 623 1569 noverit,
640 1487 749 1555 neseio
766 1513 800 1555 ν.
819 1484 970 1557 Fatetur
983 1507 1074 1583 ergo
1087 1483 1329 1557 Philostrates
1340 1483 1578 1584 Apollonium
1593 1511 1736 1562 errasse

121 1634 260 1709 neque
299 1609 517 1710 cognovisse
549 1620 665 1682 artem
698 1606 904 1693 divinandi,
938 1632 1029 1706 ergo
1066 1607 1224 1707 ineptias
1253 1632 1406 1708 operum
1430 1608 1547 1696 illins,
1574 1610 1670 1685 sieut
1700 1624 1737 1685 et

127 1759 220 1822 nos,
246 1734 427 1808 detexitl.
450 1733 557 1808 Unde
582 1732 824 1807 Philostrates
842 1732 988 1806 videtur
1010 1730 1144 1805 librum
1167 1744 1334 1806 nostrum
1353 1732 1551 1833 designare
1569 1747 1606 1808 et
1632 1735 1736 1808 falsi-

120 1858 223 1959 tatis
241 1902 293 1915 —
306 1871 347 1933 ut
366 1854 523 1957 aequum
543 1870 661 1931 est-
676 1854 904 1939 insimulare,
924 1880 966 1930 ac
980 1854 1134 1955 proinde
1148 1855 1241 1930 liber
1255 1855 1317 1931 ille
1336 1858 1568 1932 necessarius
1587 1858 1735 1934 omnino

123 1985 175 2057 ad
199 1983 451 2059 illustrandos
469 1995 594 2056 textus
612 1980 761 2056 loannis
781 1980 950 2067 Malalae,
967 1992 1004 2054 et
1022 1979 1228 2068 Anastasii,
1250 1980 1471 2055 Antiocheni
1490 1982 1732 2082 patriarchae,

122 2122 164 2182 et
204 2107 370 2183 Cedreni
401 2107 547 2181 videtur
581 2106 754 2206 cognitus
792 2104 908 2179 luisse
932 2130 955 2178 a
982 2104 1203 2178 Philostrato
1227 2118 1264 2178 et
1292 2105 1344 2179 ita
1375 2107 1568 2205 provenire
1595 2109 1654 2182 vel
1687 2109 1734 2182 ab

121 2233 298 2333 ipsomet
312 2230 508 2331 Apollonio
527 2229 585 2303 vel
609 2229 740 2304 saltem
762 2228 927 2330 aprimis
948 2228 1027 2303 eius
1052 2228 1245 2329 discipulis
1263 2228 1339 2328 qui,
1360 2228 1456 2304 sieut
1475 2233 1731 2330 Moeragenes,

124 2356 415 2431 accusationem
440 2356 584 2455 magiae
614 2379 681 2454 pro
704 2353 851 2428 illorum
874 2354 1054 2453 magistro
1077 2377 1151 2427 non
1178 2353 1477 2428 reformidabant.
1502 2356 1578 2429 lam
1602 2370 1735 2455 quarto

124 2482 301 2563 saeculo,
325 2493 366 2555 ut
392 2479 556 2555 ostendit
580 2482 712 2568 lamas,
738 2480 923 2552 horarium
946 2490 1073 2551 notum
1092 2479 1228 2552 eratin
1251 2477 1409 2553 ecclesia
1430 2478 1584 2554 latina².

207 2606 423 2680 Notandum
436 2616 560 2678 tamen
581 2603 728 2678 codices
746 2616 893 2677 nostros
908 2602 1168 2676 additamentis
1181 2615 1219 2677 et
1232 2601 1558 2703 suppressionibus
1575 2619 1729 2680 scatere.

125 2731 187 2803 lta
215 2756 252 2804 v.
282 2755 321 2830 g.
351 2729 468 2803 codex
493 2728 555 2802 ille
579 2731 608 2801 B
639 2728 743 2802 addit
770 2730 845 2802 Ver
871 2727 1032 2826 incipere
1058 2726 1097 2800 in
1125 2727 1267 2801 decimo
1297 2726 1407 2801 tertio
1435 2729 1558 2801 Martii
1578 2731 1729 2804 mensis.

126 2857 214 2928 Hoc
238 2853 387 2929 evenire
411 2878 485 2926 non
505 2852 626 2953 potuit
653 2852 725 2926 nisi
750 2865 835 2925 ante
862 2851 1157 2925 reformationem
1179 2852 1457 2952 Gregorianam,
1480 2853 1579 2927 eirca
1600 2880 1734 2927 annum

134 2979 252 3054 1300.
277 2979 344 3051 His
369 2976 476 3051 annis
497 3001 624 3051 revera
644 3001 709 3051 ver
732 2975 932 3075 incipiebat
952 2974 991 3048 in
1012 2975 1283 3049 decimotertio
1303 2976 1426 3049 Martii
1447 2976 1507 3074 (cl.
1531 2981 1637 3070 infra,
1662 2977 1731 3052 col.

134 3104 265 3199 1375).
291 3103 417 3176 Codex
438 3103 472 3176 Α
498 3101 641 3176 addidit
666 3125 795 3200 preces
823 3100 1000 3197 quasdam
1020 3125 1102 3174 cum
1128 3099 1411 3174 reminiscentiis
1435 3100 1645 3200 Scripturas
1669 3101 1729 3194 (cl.

127 3232 244 3319 infra,
268 3226 337 3300 col.
364 3228 484 3320 1383).
507 3225 733 3323 Quinimmo
752 3225 910 3325 scriptor
928 3225 1077 3323 quidam
1097 3224 1231 3298 litteris
1254 3224 1436 3299 hebraicis
1449 3250 1560 3299 voces
1579 3250 1733 3326 graecas

135 3350 327 3450 expressit
362 3364 402 3425 ut
429 3358 567 3448 νόσημα,
592 3353 712 3448 apost,
742 3346 921 3449 δράκοντες,
951 3363 1100 3449 σκορπίοι,
1128 3355 1226 3446 ὄρεος,
1259 3346 1391 3447 δένδρων
1422 3361 1471 3422 καὶ
1504 3356 1649 3449 ἀμπέλων
1682 3354 1734 3422 καὶ

133 3471 293 3574 δορατίων
312 3475 382 3570 (Cl.
406 3479 513 3567 infra,
537 3477 600 3562 lV,
618 3477 665 3560 V,
684 3487 899 3573 apparatum
916 3474 1109 3568 criticum).

670 3734 732 3806 lV.
762 3737 809 3803 lie
833 3734 982 3824 fontibus
1006 3734 1191 3826 Apollonii.

205 3937 245 4011 Si
265 3937 357 4011 fides
372 3936 527 4020 auctori,
550 3948 709 4033 quatuor
724 3934 838 4009 libros
863 3934 908 4007 ad
933 3960 1080 4009 manum
1095 3935 1262 4022 habuit⁸3
1283 3950 1381 4009 certe
1406 3948 1576 4035 quartum
1593 3964 1611 4006 a
1634 3934 1731 4009 circs

131 4059 424 4136 incantationem
450 4073 701 4134 creaturarum
730 4087 747 4129 r
774 4058 833 4131 hic
862 4058 1084 4159 compilavit.
1110 4061 1204 4133 Sunt
1228 4060 1375 4159 quidem
1400 4059 1549 4134 nomina
1572 4060 1728 4133 hebraea

130 4187 201 4259 sed
228 4185 339 4285 etiam
362 4184 543 4284 permulta
569 4183 657 4271 alia,
679 4183 776 4256 unde
795 4183 842 4255 ab
873 4183 1031 4258 hebraeo
1050 4182 1149 4257 lonte
1177 4172 1256 4257 solo
1280 4182 1437 4257 derivari
1460 4209 1534 4258 non
1557 4197 1726 4284 possunt.

129 4362 215 4426 alios
229 4361 330 4433 libros
346 4361 502 4438 scribere;
517 4381 603 4436 nam,
620 4360 745 4425 edoma
760 4379 819 4423 sua
832 4358 1016 4444 egrediens,
1033 4359 1170 4423 assumit
1184 4378 1293 4422 secum
1308 4360 1389 4423 duos
1400 4369 1524 4423 tantum
1540 4360 1724 4424 ministros:

124 4471 207 4549 ὑμὶν
226 4472 253 4538 t<
268 4470 351 4551 τάχος
371 4471 493 4554 γράρον,
509 4473 523 4529 t
542 4469 570 4529 u
592 4472 617 4537 t<
630 4468 727 4537 κάλλος
742 4468 776 4549 (1,
794 4472 842 4544 13,
858 4465 909 4529 ed.
923 4464 961 4528 F.
978 4464 1148 4542 Morellus3
1165 4465 1190 4541 1,
1209 4471 1257 4542 18,
1274 4466 1327 4533 ed.
1343 4466 1488 4550 Kayser).
1504 4467 1553 4531 bd
1573 4467 1650 4552 quid
1669 4466 1727 4539 itti,

131 4596 218 4640 unus
234 4574 493 4660 Tachigraphus,
508 4574 589 4638 alter
604 4560 844 4658 calligraphus,
859 4572 921 4635 nisi
934 4571 974 4633 ad
991 4571 1110 4634 multos
1121 4571 1223 4635 libros
1236 4572 1445 4636 scribendos?

188 4690 215 4745 1.
251 4681 328 4745 lnde
341 4681 566 4756 Philostrates,
583 4701 655 4744 cunr
667 4681 747 4744 artis
762 4678 907 4764 magicas
922 4678 1153 4742 absurditatem
1166 4688 1323 4757 nosceret,
1338 4687 1426 4743 totus
1440 4680 1473 4743 in
1486 4699 1525 4743 eo
1537 4680 1597 4744 luit
1609 4689 1646 4744 ut
1654 4668 1727 4765 pro·

130 4788 225 4853 barat
237 4789 445 4872 Apollonium
461 4808 592 4871 magum
610 4807 674 4850 nan
689 4787 798 4850 luisse.
815 4785 862 4849 Ea
880 4784 920 4848 de
941 4804 1039 4848 eausa
1056 4783 1245 4869 blosrageni
1258 4785 1355 4848 fidem
1369 4806 1433 4850 non
1452 4787 1565 4852 tribuit
1580 4788 1656 4871 quia
1674 4788 1727 4850 ille

127 4931 167 4943 —
184 4904 220 4959 ut
238 4904 377 4960 testatus
392 4903 442 4958 est
454 4895 628 4979 Origenes,
643 4915 748 4977 snpra
761 4892 822 4956 eol.
842 4897 918 4956 1361
932 4928 972 4938 -
986 4890 1137 4954 narrabat
1150 4891 1315 4974 plurimos
1333 4913 1392 4955 nec
1408 4894 1567 4976 ignobiles
1575 4894 1725 4978 pbiloso-

124 5003 215 5085 ροσε
234 5005 366 5086 magica
379 5002 554 5086 Apollonii
563 5012 638 5064 arte
652 5014 765 5085 captos
781 5004 885 5085 fnisse
902 5012 935 5062 et
948 4998 995 5061 ad
1011 5019 1084 5061 enm
1104 5002 1205 5081 quael
1219 5000 1268 5061 ad
1280 5003 1520 5063 incantatorem
1539 5003 1723 5064 ventitasse.

124 5107 195 5172 Hae
226 5108 309 5171 torte
339 5109 539 5172 narrationes
570 5106 776 5193 Moeragenis
813 5115 1029 5191 pervenerunt
1053 5107 1094 5168 ad
1124 5103 1318 5168 Domninum
1349 5105 1439 5168 illum
1466 5126 1561 5190 quern
1590 5106 1724 5170 loannes

123 5212 263 5279 Mulelas
279 5215 440 5299 excerpsit
452 5215 576 5297 (Supra
590 5213 653 5277 cal.
672 5216 773 5297 1367).

183 5326 213 5384 2.
234 5320 316 5385 Nam
331 5322 450 5384 citatur
463 5343 482 5384 a
497 5320 609 5385 Niceta
621 5320 826 5385 Remesiana.
844 5320 894 5385 Cl.
911 5321 1060 5385 Journal
1072 5326 1109 5403 ol
1125 5319 1235 5383 Theol.
1248 5319 1383 5400 studies,
1402 5324 1490 5396 1906,
1508 5340 1541 5404 p.
1558 5325 1628 5384 562.

180 5432 210 5494 3.
226 5429 301 5512 νίρον
322 5428 354 5490 in
376 5428 553 5492 recentiore
571 5447 690 5512 graeco
707 5449 823 5512 aquam
845 5428 1030 5512 significare
1053 5435 1190 5491 testatur
1210 5426 1427 5503 blontlaucon,
1449 5426 1720 5513 Palaeograptia

118 5554 254 5617 graeca,
272 5533 417 5610 Parisiis,
437 5539 525 5611 1708,
539 5556 571 5618 p.
589 5540 659 5598 375.

181 5645 211 5703 t.
225 5641 277 5705 Cl.
291 5643 396 5724 infla,
412 5639 473 5704 ool.
490 5646 578 5705 1372.
