4108 6458
371 406 431 464 706
825 424 828 427 “
894 396 1139 465 PRAEFATIO
1161 398 1363 466 -CAPUT
1387 402 1442 464 Ill.

443 593 600 664 cbristus
619 591 759 661 redemit
777 591 965 661 Ecclesiam
979 615 1078 662 suam
1093 594 1257 663 occisione
1276 594 1344 675 sui,
1362 593 1518 663 liberarit
1532 593 1663 685 plebem
1682 616 1781 664 snam
1800 598 1963 684 sanpuine

368 749 444 808 suo,
475 725 655 796 alleviavit
679 736 816 795 onustos
844 725 1002 795 oneribus
1026 726 1189 817 praeibas
1209 727 1372 817 passione
1397 748 1477 808 sua,
1508 728 1629 816 iopam
1658 727 1870 797 subditorum
1899 729 1962 797 leae

367 861 474 948 effecit
487 880 584 928 crum
601 880 679 930 sua.
695 856 906 927 Promissum
928 857 1023 927 nobis
1034 858 1194 950 promisit
1208 859 1246 927 in
1267 858 1402 928 saeculo
1417 859 1526 929 altero
1544 859 1614 929 alio
1630 885 1641 928 .·
1658 859 1849 929 dominium
1867 882 1960 930 suum

368 994 405 1061 in
429 1002 605 1062 aeterrmm
625 1013 906 1083 permansurum.
933 993 1027 1060 lesus
1050 1001 1099 1061 est
1120 1015 1185 1061 reso
1211 1013 1349 1083 repum-
1374 992 1479 1061 nolite
1501 991 1612 1081 ipitur
1635 993 1806 1085 imponere
1830 994 1961 1063 bumcm

370 1135 482 1195 nostro
500 1126 627 1215 jupam
649 1123 857 1194 subactionis
879 1133 1021 1194 cestrae.
1043 1125 1137 1194 Absit
1161 1124 1266 1207 nobis,
1295 1125 1389 1195 nobis
1415 1124 1583 1208 liberatis,
1612 1135 1650 1194 ut
1675 1125 1785 1195 denuo
1808 1127 1961 1196 servitute

367 1258 557 1327 serviamus
577 1257 719 1326 bomini.
742 1259 830 1326 Deus
851 1267 963 1326 noster
976 1256 1135 1327 dominus
1149 1268 1199 1327 cst
1216 1256 1460 1327 dominationis
1474 1269 1623 1342 nestram
1643 1271 1849 1352 quapropter
1862 1259 1960 1329 demi·

369 1393 466 1460 nium
485 1391 692 1481 colleparum
714 1399 906 1459 nostrorum
926 1390 964 1458 in
983 1400 1084 1481 caput
1104 1401 1256 1461 nostrum
1275 1412 1489 1482 nequaqnam
1508 1391 1730 1462 assumimus.
1747 1396 1836 1463 Deus
1856 1404 1960 1462 noster

366 1536 497 1594 creator
514 1533 563 1593 cst
578 1524 716 1593 deorum
736 1532 934 1605 nestrorum,
954 1534 986 1592 et
1008 1523 1105 1615 [ideo]
1124 1535 1300 1594 creaturas
1319 1525 1407 1606 eins,
1427 1525 1480 1592 nti
1500 1547 1570 1607 ros,
1592 1548 1658 1593 non
1678 1526 1875 1596 adoramus.
1895 1522 1960 1613 (lui

366 1658 461 1726 nobis
488 1656 666 1726 mandavit
691 1682 701 1726 .·
727 1655 838 1725 Nolite
858 1655 1030 1746 possidere
1055 1678 1192 1739 aurum,
1218 1678 1323 1747 aeque
1349 1666 1529 1748 arpentum
1554 1660 1591 1728 in
1618 1659 1804 1749 marsupiis
1832 1659 1954 1729 uestris.

364 1793 440 1861 Non
462 1800 511 1860 est
534 1789 629 1859 nobis
652 1810 789 1869 aarum,
813 1788 901 1880 qsrod
924 1789 1014 1858 vobis
1037 1788 1165 1871 domm,
1190 1811 1296 1880 neque
1314 1790 1475 1880 personia,
1501 1800 1538 1859 at
1555 1772 1829 1861 cobis'tributum
1849 1792 1956 1860 solca-

365 1946 450 1993 mus.
478 1926 521 1992 Et
546 1921 723 2014 Apostolus
748 1922 822 1991 eius
849 1921 981 1991 monuit
1008 1944 1067 1991 nos
1094 1922 1243 1992 :Pretio
1270 1944 1393 2012 mapno
1422 1923 1586 2015 redempti
1610 1924 1690 1993 estis
1718 1950 1728 1993 :
1758 1924 1862 1994 nolite
1886 1925 1957 2017 ficri

361 2058 450 2126 serui
469 2057 667 2127 bominum!

433 2186 597 2259 Fatuitas
622 2184 748 2283 scripti
774 2184 882 2257 buius
908 2185 1108 2284 apocryphi
1131 2185 1248 2284 primo
1273 2185 1403 2258 obtutu
1426 2185 1620 2259 manifesta
1635 2200 1705 2261 est.
1727 2190 1805 2260 Rex
1823 2187 1953 2261 tributa

359 2319 522 2419 postulat
546 2332 581 2393 et
603 2318 750 2391 Simeon
770 2317 994 2416 respondet:
1018 2343 1086 2391 nos
1100 2317 1280 2390 tributum
1303 2343 1378 2391 non
1399 2319 1542 2403 damus,
1567 2319 1652 2418 quia
1670 2320 1863 2417 pecuniam
1886 2345 1952 2393 non

361 2452 537 2526 babemus
557 2465 592 2526 et
613 2451 698 2550 quia
715 2451 882 2526 Christus
900 2451 1102 2524 Ecclesiam
1120 2475 1224 2524 suam
1238 2451 1421 2538 liberavit,
1439 2452 1544 2550 quasi
1557 2453 1797 2551 redemptioa
1813 2454 1952 2528 Christo

360 2586 490 2659 effecta
511 2611 584 2659 non
604 2584 770 2658 ordinem
791 2584 1120 2682 supernaturalem,
1139 2583 1205 2657 sed
1220 2583 1437 2657 relationem
1457 2584 1688 2658 subditorum
1708 2586 1755 2659 ad
1773 2586 1951 2685 principes

360 2719 567 2793 saeculares
591 2718 764 2791 afficeret.
789 2721 958 2791 Summae
983 2742 1092 2816 porro
1111 2717 1291 2790 fatuitatis
1311 2730 1368 2790 est
1393 2717 1573 2791 sermonis
1594 2731 1700 2791 tener
1725 2720 1951 2820 arrogantiae

358 2853 489 2951 plenas
505 2881 553 2949 ga
571 2852 691 2936 Absit,
712 2850 832 2937 nobis,
853 2864 894 2923 ut
909 2850 1029 2923 denuo
1052 2851 1227 2924 servitute
1250 2850 1453 2924 serviamus
1473 2850 1626 2924 homini.
1651 2884 1668 2919 ι)
1688 2853 1779 2948 Quis
1797 2878 1950 2953 unquam

359 2989 507 3058 Patrem
527 2984 714 3058 Ecclesiae
732 2983 844 3056 verba
864 2996 989 3056 tantae
1010 2982 1244 3081 ignorantiae
1268 2983 1511 3081 pronunciare
1534 3009 1647 3057 ausus
1667 2988 1747 3058 est?
1762 2985 1948 3059 Assemani

356 3119 504 3217 quidem
530 3143 612 3191 cum
639 3117 823 3192 existimet
852 3124 941 3190 baec
973 3116 1096 3188 emnia
1124 3143 1145 3188 a
1171 3119 1315 3189 Merula
1343 3117 1552 3215 conscripta
1581 3142 1681 3201 esse,
1705 3118 1947 3192 defensionem
2034 3136 2035 3219 p

355 3266 480 3325 tantae
503 3252 684 3325 fatuitatis
709 3250 889 3349 suscepit;
913 3250 1013 3348 quod
1028 3249 1223 3349 ,negotium
1247 3276 1314 3349 par
1338 3249 1475 3323 homini
1496 3263 1586 3336 erat,
1612 3251 1673 3350 qui
1699 3252 1786 3324 dum
1811 3251 1948 3323 iniustis
2033 3332 2034 3335 ¹

358 3384 674 3458 criminationibus
705 3383 787 3457 aliis
816 3395 940 3456 notam
973 3382 1174 3481 malignam
1204 3382 1337 3455 inferre
1367 3382 1521 3469 solebat,
1550 3383 1735 3457 levitatem
1763 3383 1946 3482 quamdam

355 3518 577 3606 manifestat,
607 3543 680 3618 qua
708 3518 753 3590 dc
773 3516 897 3590 valore
924 3517 1101 3588 Actorum
1126 3542 1147 3588 a
1170 3541 1209 3589 se
1235 3515 1416 3589 editorum
1441 3516 1639 3589 iudicabat.
1669 3517 1832 3616 Simplex
1859 3516 1942 3590 euim

356 3651 580 3750 comparatio
600 3650 777 3751 epistolae
793 3650 903 3722 huius
923 3674 1006 3721 cam
1026 3648 1218 3722 eventibus
1239 3648 1276 3719 iu
1297 3649 1548 3735 maneretis
1569 3674 1651 3722 eum
1672 3662 1813 3723 certum
1832 3646 1941 3722 reddi·

355 3786 484 3871 disset,
504 3814 522 3856 a
545 3784 738 3884 epistolam
760 3783 902 3856 »istam
924 3782 1174 3881 apocryphum
1195 3806 1288 3881 opus
1313 3806 1395 3854 esse
1414 3782 1541 3854 vesani
1563 3782 1731 3869 alicuius,
1750 3783 1811 3882 qui
1831 3804 1940 3855 eame

353 3917 520 4018 pluribus
549 3917 716 4016 epistolis
736 3944 756 3988 a
776 3919 852 4004 MS,
868 3916 1041 3991 exhibitis
1057 3915 1331 4013 imperitissime
1352 3928 1388 3989 et
1407 3914 1545 3988 nefarie
1562 3916 1812 4014 compilavit⁴.

417 4184 447 4222 ⁴
441 4183 589 4246 Narratio
609 4182 671 4244 ista
689 4183 750 4243 iam
769 4182 993 4266 antiquissimo
1012 4191 1158 4264 tempore
1180 4181 1213 4242 in
1232 4180 1376 4264 linguam
1398 4200 1548 4263 graecam
1562 4180 1788 4244 translatta
1738 4191 1891 4264 astatque
1909 4178 1942 4239 ab

358 4291 487 4352 Hermia
510 4290 687 4351 Sonomeno
712 4288 811 4350 relata
820 4288 896 4371 ,qui
921 4288 1111 4369 martyrium
1133 4286 1221 4349 aliud
1244 4286 1405 4349 Simeonis
1427 4296 1513 4349 certe
1539 4287 1710 4371 ignoravit.
1731 4284 1922 4350 Tillemont
1915 4303 1942 4345 111

357 4417 476 4479 0pe1·:e
493 4395 772 4478 lle'moircspour
789 4393 1377 4476 seroirdl'brstoireeceldsiastiqae,
1395 4393 1498 4468 Paria
1516 4398 1603 4465 1700,
1621 4401 1644 4455 t.
1661 4392 1732 4468 t'‚ll
1749 4414 1783 4476 p
1800 4391 1942 4456 teretem
2023 4348 2025 4481 l

356 4503 500 4576 historia
517 4501 588 4564 ait
608 4527 622 4559 «
638 4500 700 4564 Les
718 4522 892 4563 noneeanr
914 4500 1016 4563 Grecs
1035 4499 1151 4575 disent,
1169 4521 1231 4583 qne
1250 4499 1425 4582 Ctesiphon
1443 4511 1475 4560 et
1492 4498 1588 4562 Salec
1608 4501 1662 4579 [oa
1680 4499 1839 4581 Seleucia]
1857 4498 1942 4583 quils
2021 4496 2023 4595 p

355 4612 593 4687 transforment
605 4628 644 4670 en
659 4608 717 4669 des
732 4608 908 4690 Seapnenrs
923 4606 963 4668 de
975 4605 1088 4683 Perse,
1106 4611 1300 4668 accerserent
1316 4607 1346 4667 le
1359 4605 1453 4667 Saint
1467 4618 1499 4667 et
1512 4606 1681 4689 beaucoup
1695 4605 1726 4667 d
1728 4620 1842 4668 autres
1859 4602 1941 4666 cbre'-
2020 4596 2022 4709 p

353 4719 436 4778 tiens
447 4736 523 4777 arec
535 4718 604 4795 lup,
618 4714 658 4777 de
668 4735 709 4777 ne
721 4714 951 4796 eouloirpoint
959 4716 1057 4796 paier
1069 4713 1116 4774 les
1132 4713 1260 4788 tribum,
1275 4732 1398 4774 comme
1412 4716 1444 4774 si
1452 4714 1553 4775 c'enst
1567 4712 1633 4774 esti
1648 4733 1713 4775 rene
1723 4711 1885 4776 servitude
1896 4714 1940 4772 in·
2019 4710 2021 4825 p

352 4821 450 4906 dapne
464 4822 573 4884 d'eurc.
589 4821 678 4884 Mais
693 4822 735 4882 ils
753 4820 870 4897 dr'sent,
886 4841 948 4902 qne
963 4820 997 4882 S.
1014 4821 1145 4881 Simeon
1165 4841 1273 4882 anona
1292 4840 1327 4880 ce
1342 4821 1442 4880 crime
1462 4831 1494 4881 et
1509 4840 1548 4880 en
1565 4821 1605 4902 sit
1618 4840 1739 4882 mesme
1759 4841 1823 4881 ane
1838 4815 1939 4879 dicia-

352 4933 461 4992 ration
467 4928 596 5012 pre'cise
608 4950 652 4989 au
661 4948 736 4989 nom
750 4926 790 4989 de
800 4939 873 4987 tores
883 4928 930 4987 les
938 4925 1099 4988 abcidens
1111 4926 1197 4988 dans
1209 4947 1273 4988 rene
1286 4925 1380 4988 lettre
1391 4928 1491 5015 ecrite
1503 4947 1547 4987 arc
1557 4925 1629 5007 Hoy
1641 4927 1777 5008 [comme
1787 4925 1939 4988 s'iln'east

348 5059 413 5119 pas
428 5038 462 5098 lu
478 5036 513 5099 S.
528 5035 643 5116 Paul].

411 5140 460 5203 Ad
476 5142 561 5225 quod
576 5139 746 5203 Assemani
761 5160 814 5222 op.
832 5142 898 5217 cit,
915 5160 947 5221 p.
967 5143 1016 5214 38,
1035 5161 1066 5201 n.
1083 5146 1102 5199 s
1119 5161 1126 5200 ε
1146 5165 1160 5196 a
1179 5138 1326 5201 *iuream
1344 5140 1382 5220 (ll)
1396 5139 1482 5200 banc
1497 5139 1531 5201 S.
1548 5142 1710 5202 Simeonis
1726 5138 1937 5222 Epistolam...

350 5246 470 5309 nedum
486 5248 619 5310 vellicat
635 5247 869 5323 Tillemontius,
884 5244 968 5308 Hist.
983 5246 1074 5308 Eccl.
1094 5258 1169 5307 torn.
1192 5245 1259 5308 VII.
1277 5244 1385 5329 Quasi
1398 5266 1483 5323 cero,
1501 5247 1617 5327 inquit,
1630 5243 1853 5328 Apostolicam
1872 5240 1937 5303 dor·

354 5357 475 5417 trinam
492 5354 533 5416 de
547 5356 702 5416 servitute
716 5364 747 5414 et
761 5352 955 5431 obedientia,
971 5353 1184 5436 Principibus
1198 5353 1303 5414 seculi
1308 5351 1520 5434 praestanda
1536 5351 1629 5412 baud
1634 5351 1839 5435 primoribus
1852 5349 1937 5412 labiis

350 5461 556 5544 degustasset
579 5460 709 5523 Simeon
726 5458 880 5537 [attende‚
898 5479 961 5542 qua
979 5459 1102 5521 ratione
1123 5459 1296 5520 transierat
1313 5458 1411 5520 verba
1426 5456 1628 5536 Tillemont];
1647 5477 1757 5519 rernm
1777 5470 1807 5520 et
1825 5459 1932 5539 ipsam,

350 5580 519 5649 tarrrqaam
545 5568 788 5649 supposititium
811 5564 1014 5629 Graecorum
1034 5587 1117 5649 opus
1141 5564 1299 5647 explodit.
1318 5563 1363 5625 At
1388 5575 1558 5626 emunctae
1583 5566 1675 5625 naris
1695 5565 1744 5625 eir
1766 5566 1798 5624 si
1818 5578 1884 5624 eant
1904 5557 1932 5615 in

349 5674 541 5737 Chaldaicis
561 5674 649 5736 bisce
667 5670 759 5735 Actis
778 5674 939 5756 integram
958 5674 1097 5755 legasset,
1109 5670 1320 5755 palinodiam
1338 5673 1447 5753 ntique
1467 5683 1600 5733 caneret
1614 5682 1645 5732 et
1664 5689 1761 5731 suam
1776 5691 1797 5730 a
1816 5662 1930 5746 vestigio
