<?xml version="1.0" encoding="UTF-8"?>
<!DOCTYPE html PUBLIC "-//W3C//DTD XHTML 1.0 Transitional//EN"
    "http://www.w3.org/TR/xhtml1/DTD/xhtml1-transitional.dtd">
<html xmlns="http://www.w3.org/1999/xhtml" xml:lang="en" lang="en">
 <head>
  <title>
</title>
<meta http-equiv="Content-Type" content="text/html;charset=utf-8" />
  <meta name='ocr-system' content='tesseract 3.04.00' />
  <meta name='ocr-capabilities' content='ocr_page ocr_carea ocr_par ocr_line ocrx_word'/>
</head>
<body>
  <div class='ocr_page' id='page_1' title='image "./patrologiasyria02grafgoog_0340.png"; bbox 0 0 4108 6458; ppageno 0'>
   <div class='ocr_carea' id='block_1_1' title="bbox 885 507 1515 613">
    <p class='ocr_par' dir='ltr' id='par_1_1' title="bbox 885 507 1515 613">
     <span class='ocr_line' id='line_1_1' title="bbox 885 507 1515 613; baseline 0 -41"><span class='ocrx_word' id='word_1_1' title='bbox 885 507 1128 574; x_wconf 79' lang='lat' dir='ltr'><strong>PRAEFATIO</strong></span> <span class='ocrx_word' id='word_1_2' title='bbox 1150 546 1189 557; x_wconf 93' lang='lat'><em>-</em></span> <span class='ocrx_word' id='word_1_3' title='bbox 1211 508 1352 574; x_wconf 84' lang='lat' dir='ltr'><strong>CAPUT</strong></span> <span class='ocrx_word' id='word_1_4' title='bbox 1375 511 1415 573; x_wconf 92' lang='lat' dir='ltr'><strong>ll.</strong></span> <span class='ocrx_word' id='word_1_5' title='bbox 1512 608 1515 613; x_wconf 7' lang='grc' dir='ltr'>ξ</span> 
     </span>
    </p>
   </div>
   <div class='ocr_carea' id='block_1_2' title="bbox 940 1016 1340 1069">
    <p class='ocr_par' dir='ltr' id='par_1_2' title="bbox 940 1016 1340 1069">
     <span class='ocr_line' id='line_1_2' title="bbox 940 1016 1340 1069; baseline 0.003 -2"><span class='ocrx_word' id='word_1_6' title='bbox 940 1016 1081 1069; x_wconf 78' lang='lat' dir='ltr'><strong>CAPUT</strong></span> <span class='ocrx_word' id='word_1_7' title='bbox 1108 1016 1340 1068; x_wconf 82' lang='lat' dir='ltr'>SECUNDUM</span> 
     </span>
    </p>
   </div>
   <div class='ocr_carea' id='block_1_3' title="bbox 443 1221 1862 1536">
    <p class='ocr_par' dir='ltr' id='par_1_3' title="bbox 443 1221 1862 1536">
     <span class='ocr_line' id='line_1_3' title="bbox 443 1221 1862 1350; baseline 0 -2"><span class='ocrx_word' id='word_1_8' title='bbox 443 1271 508 1348; x_wconf 84' lang='lat' dir='ltr'><strong>DE</strong></span> <span class='ocrx_word' id='word_1_9' title='bbox 538 1221 853 1349; x_wconf 77' lang='lat' dir='ltr'><strong>ARGUMENTO</strong></span> <span class='ocrx_word' id='word_1_10' title='bbox 884 1268 945 1346; x_wconf 79' lang='lat' dir='ltr'><strong>iii</strong></span> <span class='ocrx_word' id='word_1_11' title='bbox 976 1268 1152 1348; x_wconf 82' lang='lat' dir='ltr'><strong>MUTUA</strong></span> <span class='ocrx_word' id='word_1_12' title='bbox 1181 1268 1467 1348; x_wconf 82' lang='lat' dir='ltr'><strong>RELATIONE</strong></span> <span class='ocrx_word' id='word_1_13' title='bbox 1498 1267 1862 1350; x_wconf 84' lang='lat' dir='ltr'><strong>RECENSIONUM</strong></span> 
     </span>
     <span class='ocr_line' id='line_1_4' title="bbox 443 1439 1591 1536; baseline -0.001 -2"><span class='ocrx_word' id='word_1_14' title='bbox 443 1439 450 1452; x_wconf 51' lang='lat'><em>⁶</em></span> <span class='ocrx_word' id='word_1_15' title='bbox 720 1455 973 1536; x_wconf 87' lang='lat' dir='ltr'><strong>AMBARUM</strong></span> <span class='ocrx_word' id='word_1_16' title='bbox 1004 1455 1245 1535; x_wconf 82' lang='lat' dir='ltr'><strong>ACTORUM</strong></span> <span class='ocrx_word' id='word_1_17' title='bbox 1277 1455 1317 1533; x_wconf 87' lang='lat' dir='ltr'><strong>S.</strong></span> <span class='ocrx_word' id='word_1_18' title='bbox 1351 1455 1591 1534; x_wconf 85' lang='lat' dir='ltr'><strong>SlMEONlS</strong></span> 
     </span>
    </p>
   </div>
   <div class='ocr_carea' id='block_1_4' title="bbox 359 1800 1944 2017">
    <p class='ocr_par' dir='ltr' id='par_1_4' title="bbox 359 1800 1944 2017">
     <span class='ocr_line' id='line_1_5' title="bbox 359 1800 1944 1861; baseline 0.003 -11"><span class='ocrx_word' id='word_1_19' title='bbox 359 1805 382 1851; x_wconf 89' lang='lat' dir='ltr'><strong>l.</strong></span> <span class='ocrx_word' id='word_1_20' title='bbox 399 1803 546 1853; x_wconf 85' lang='lat' dir='ltr'><strong>Assemani</strong></span> <span class='ocrx_word' id='word_1_21' title='bbox 560 1803 696 1851; x_wconf 90' lang='lat' dir='ltr'><strong>sententia</strong></span> <span class='ocrx_word' id='word_1_22' title='bbox 710 1800 745 1850; x_wconf 89' lang='lat' dir='ltr'><strong>de</strong></span> <span class='ocrx_word' id='word_1_23' title='bbox 765 1800 897 1851; x_wconf 79' lang='lat' dir='ltr'><strong>relatione</strong></span> <span class='ocrx_word' id='word_1_24' title='bbox 912 1803 1008 1852; x_wconf 90' lang='lat' dir='ltr'><strong>mutua</strong></span> <span class='ocrx_word' id='word_1_25' title='bbox 1026 1801 1157 1851; x_wconf 90' lang='lat' dir='ltr'><strong>Actorum</strong></span> <span class='ocrx_word' id='word_1_26' title='bbox 1178 1800 1331 1851; x_wconf 87' lang='lat' dir='ltr'><strong>amborum.</strong></span> <span class='ocrx_word' id='word_1_27' title='bbox 1345 1828 1376 1837; x_wconf 86' lang='lat'><em>-</em></span> <span class='ocrx_word' id='word_1_28' title='bbox 1395 1805 1417 1852; x_wconf 81' lang='lat'><strong>2.</strong></span> <span class='ocrx_word' id='word_1_29' title='bbox 1437 1800 1506 1861; x_wconf 88' lang='lat' dir='ltr'><strong>Quis</strong></span> <span class='ocrx_word' id='word_1_30' title='bbox 1523 1803 1559 1852; x_wconf 91' lang='lat' dir='ltr'><strong>sit</strong></span> <span class='ocrx_word' id='word_1_31' title='bbox 1579 1803 1675 1852; x_wconf 79' lang='lat' dir='ltr'><strong>auctor</strong></span> <span class='ocrx_word' id='word_1_32' title='bbox 1694 1800 1862 1853; x_wconf 74' lang='lat' dir='ltr'><strong>collectionis</strong></span> <span class='ocrx_word' id='word_1_33' title='bbox 1880 1803 1944 1854; x_wconf 63' lang='lat' dir='ltr'><strong>antis</strong></span> 
     </span>
     <span class='ocr_line' id='line_1_6' title="bbox 390 1871 1942 1941; baseline -0.001 -14"><span class='ocrx_word' id='word_1_34' title='bbox 390 1878 494 1941; x_wconf 87' lang='lat' dir='ltr'><strong>quioris</strong></span> <span class='ocrx_word' id='word_1_35' title='bbox 509 1876 544 1927; x_wconf 88' lang='lat' dir='ltr'><strong>ab</strong></span> <span class='ocrx_word' id='word_1_36' title='bbox 559 1877 707 1927; x_wconf 87' lang='lat' dir='ltr'><strong>Assemani</strong></span> <span class='ocrx_word' id='word_1_37' title='bbox 721 1875 822 1927; x_wconf 89' lang='lat' dir='ltr'><strong>editae.</strong></span> <span class='ocrx_word' id='word_1_38' title='bbox 838 1902 871 1914; x_wconf 91' lang='lat'>-</span> <span class='ocrx_word' id='word_1_39' title='bbox 884 1881 907 1925; x_wconf 86' lang='lat'><strong>3.</strong></span> <span class='ocrx_word' id='word_1_40' title='bbox 923 1876 1052 1928; x_wconf 79' lang='lat' dir='ltr'><strong>Ambitus</strong></span> <span class='ocrx_word' id='word_1_41' title='bbox 1066 1877 1235 1928; x_wconf 81' lang='lat' dir='ltr'><strong>collectionis</strong></span> <span class='ocrx_word' id='word_1_42' title='bbox 1249 1889 1283 1927; x_wconf 84' lang='lat' dir='ltr'><strong>ex</strong></span> <span class='ocrx_word' id='word_1_43' title='bbox 1297 1874 1407 1940; x_wconf 78' lang='lat' dir='ltr'><strong>epilogo</strong></span> <span class='ocrx_word' id='word_1_44' title='bbox 1423 1879 1555 1927; x_wconf 86' lang='lat' dir='ltr'><strong>Actorum</strong></span> <span class='ocrx_word' id='word_1_45' title='bbox 1572 1875 1600 1927; x_wconf 83' lang='lat' dir='ltr'><strong>S.</strong></span> <span class='ocrx_word' id='word_1_46' title='bbox 1617 1871 1800 1939; x_wconf 71' lang='lat' dir='ltr'><strong>‘Alkebimae</strong></span> <span class='ocrx_word' id='word_1_47' title='bbox 1814 1879 1942 1928; x_wconf 86' lang='lat' dir='ltr'><strong>statuitur.</strong></span> 
     </span>
     <span class='ocr_line' id='line_1_7' title="bbox 388 1950 1943 2017; baseline 0.001 -16"><span class='ocrx_word' id='word_1_48' title='bbox 388 1978 420 1989; x_wconf 93' lang='lat'>-</span> <span class='ocrx_word' id='word_1_49' title='bbox 433 1956 457 2002; x_wconf 77' lang='lat' dir='ltr'><strong>l.</strong></span> <span class='ocrx_word' id='word_1_50' title='bbox 472 1951 544 2011; x_wconf 88' lang='lat' dir='ltr'><strong>Quid</strong></span> <span class='ocrx_word' id='word_1_51' title='bbox 559 1951 641 2002; x_wconf 86' lang='lat' dir='ltr'><strong>inerit</strong></span> <span class='ocrx_word' id='word_1_52' title='bbox 656 1951 799 2002; x_wconf 88' lang='lat' dir='ltr'><strong>exordium</strong></span> <span class='ocrx_word' id='word_1_53' title='bbox 821 1951 990 2002; x_wconf 78' lang='lat' dir='ltr'><strong>collectionis</strong></span> <span class='ocrx_word' id='word_1_54' title='bbox 1010 1954 1208 2016; x_wconf 76' lang='lat' dir='ltr'><strong>martyriorum.</strong></span> <span class='ocrx_word' id='word_1_55' title='bbox 1224 1978 1256 1988; x_wconf 94' lang='lat'>-</span> <span class='ocrx_word' id='word_1_56' title='bbox 1271 1957 1294 2001; x_wconf 82' lang='lat'><strong>5.</strong></span> <span class='ocrx_word' id='word_1_57' title='bbox 1311 1950 1351 2001; x_wconf 88' lang='lat' dir='ltr'><strong>De</strong></span> <span class='ocrx_word' id='word_1_58' title='bbox 1370 1952 1548 2017; x_wconf 84' lang='lat' dir='ltr'><strong>inscriptione</strong></span> <span class='ocrx_word' id='word_1_59' title='bbox 1567 1955 1700 2004; x_wconf 88' lang='lat' dir='ltr'><strong>Actorum</strong></span> <span class='ocrx_word' id='word_1_60' title='bbox 1720 1953 1749 2004; x_wconf 82' lang='lat' dir='ltr'><strong>S.</strong></span> <span class='ocrx_word' id='word_1_61' title='bbox 1766 1953 1943 2004; x_wconf 86' lang='lat' dir='ltr'><strong>Simeonis.-</strong></span> 
     </span>
    </p>
   </div>
   <div class='ocr_carea' id='block_1_5' title="bbox 389 2030 2038 2098">
    <p class='ocr_par' dir='ltr' id='par_1_5' title="bbox 389 2030 2038 2098">
     <span class='ocr_line' id='line_1_8' title="bbox 389 2030 2038 2098; baseline 0.002 -16"><span class='ocrx_word' id='word_1_62' title='bbox 389 2037 412 2082; x_wconf 86' lang='lat'><strong>6.</strong></span> <span class='ocrx_word' id='word_1_63' title='bbox 430 2032 470 2082; x_wconf 88' lang='lat' dir='ltr'><strong>De</strong></span> <span class='ocrx_word' id='word_1_64' title='bbox 489 2033 612 2082; x_wconf 89' lang='lat' dir='ltr'><strong>oratione</strong></span> <span class='ocrx_word' id='word_1_65' title='bbox 629 2033 795 2096; x_wconf 77' lang='lat' dir='ltr'><strong>panegyrica</strong></span> <span class='ocrx_word' id='word_1_66' title='bbox 811 2032 838 2080; x_wconf 89' lang='lat' dir='ltr'><strong>in</strong></span> <span class='ocrx_word' id='word_1_67' title='bbox 858 2030 967 2081; x_wconf 86' lang='lat' dir='ltr'><strong>leudem</strong></span> <span class='ocrx_word' id='word_1_68' title='bbox 989 2032 1136 2095; x_wconf 78' lang='lat' dir='ltr'><strong>Martyrum</strong></span> <span class='ocrx_word' id='word_1_69' title='bbox 1151 2046 1167 2082; x_wconf 92' lang='lat' dir='ltr'><strong>a</strong></span> <span class='ocrx_word' id='word_1_70' title='bbox 1185 2031 1290 2093; x_wconf 87' lang='lat' dir='ltr'><strong>Bedjan</strong></span> <span class='ocrx_word' id='word_1_71' title='bbox 1304 2030 1387 2082; x_wconf 84' lang='lat' dir='ltr'><strong>edita.</strong></span> <span class='ocrx_word' id='word_1_72' title='bbox 1402 2057 1435 2068; x_wconf 89' lang='lat'><em>-</em></span> <span class='ocrx_word' id='word_1_73' title='bbox 1448 2037 1470 2081; x_wconf 88' lang='lat'><strong>7.</strong></span> <span class='ocrx_word' id='word_1_74' title='bbox 1486 2033 1627 2092; x_wconf 81' lang='lat' dir='ltr'><strong>Quaenam</strong></span> <span class='ocrx_word' id='word_1_75' title='bbox 1645 2033 1727 2084; x_wconf 87' lang='lat' dir='ltr'><strong>luerit</strong></span> <span class='ocrx_word' id='word_1_76' title='bbox 1741 2035 1878 2098; x_wconf 78' lang='lat' dir='ltr'><strong>antiquior</strong></span> <span class='ocrx_word' id='word_1_77' title='bbox 1891 2046 1944 2083; x_wconf 89' lang='lat' dir='ltr'><strong>am·</strong></span> <span class='ocrx_word' id='word_1_78' title='bbox 2037 2074 2038 2085; x_wconf 74' lang='lat'><strong>.</strong></span> 
     </span>
    </p>
   </div>
   <div class='ocr_carea' id='block_1_6' title="bbox 390 2109 2038 2187">
    <p class='ocr_par' dir='ltr' id='par_1_6' title="bbox 390 2109 2038 2187">
     <span class='ocr_line' id='line_1_9' title="bbox 390 2109 2038 2187; baseline 0.003 -28"><span class='ocrx_word' id='word_1_79' title='bbox 390 2109 487 2161; x_wconf 87' lang='lat' dir='ltr'><strong>barum</strong></span> <span class='ocrx_word' id='word_1_80' title='bbox 509 2113 706 2161; x_wconf 78' lang='lat' dir='ltr'><strong>recensionem.</strong></span> <span class='ocrx_word' id='word_1_81' title='bbox 721 2137 753 2147; x_wconf 92' lang='lat'><em>-</em></span> <span class='ocrx_word' id='word_1_82' title='bbox 772 2114 796 2160; x_wconf 83' lang='grc'><strong>8.</strong></span> <span class='ocrx_word' id='word_1_83' title='bbox 815 2109 877 2169; x_wconf 89' lang='lat' dir='ltr'><strong>Quo</strong></span> <span class='ocrx_word' id='word_1_84' title='bbox 899 2114 1023 2175; x_wconf 89' lang='lat' dir='ltr'><strong>tempore</strong></span> <span class='ocrx_word' id='word_1_85' title='bbox 1042 2111 1124 2161; x_wconf 87' lang='lat' dir='ltr'><strong>luerit</strong></span> <span class='ocrx_word' id='word_1_86' title='bbox 1143 2112 1300 2176; x_wconf 87' lang='lat' dir='ltr'><strong>conscripta</strong></span> <span class='ocrx_word' id='word_1_87' title='bbox 1316 2112 1440 2162; x_wconf 87' lang='lat' dir='ltr'><strong>recensio</strong></span> <span class='ocrx_word' id='word_1_88' title='bbox 1457 2112 1548 2162; x_wconf 88' lang='lat' dir='ltr'><strong>iunior</strong></span> <span class='ocrx_word' id='word_1_89' title='bbox 1563 2114 1696 2164; x_wconf 86' lang='lat' dir='ltr'><strong>Actamm</strong></span> <span class='ocrx_word' id='word_1_90' title='bbox 1714 2111 1744 2162; x_wconf 86' lang='lat' dir='ltr'><strong>S.</strong></span> <span class='ocrx_word' id='word_1_91' title='bbox 1762 2112 1906 2165; x_wconf 89' lang='lat' dir='ltr'><strong>Simeonis.</strong></span> <span class='ocrx_word' id='word_1_92' title='bbox 1918 2140 1944 2147; x_wconf 96' lang='lat'>-</span> <span class='ocrx_word' id='word_1_93' title='bbox 2037 2140 2038 2187; x_wconf 43' lang='lat' dir='ltr'><strong>p</strong></span> 
     </span>
    </p>
   </div>
   <div class='ocr_carea' id='block_1_7' title="bbox 388 2185 620 2237">
    <p class='ocr_par' dir='ltr' id='par_1_7' title="bbox 388 2185 620 2237">
     <span class='ocr_line' id='line_1_10' title="bbox 388 2185 620 2237; baseline 0.009 -2"><span class='ocrx_word' id='word_1_94' title='bbox 388 2192 411 2235; x_wconf 81' lang='lat' dir='ltr'><strong>ti.</strong></span> <span class='ocrx_word' id='word_1_95' title='bbox 426 2185 620 2237; x_wconf 84' lang='lat' dir='ltr'><strong>Summarium.</strong></span> 
     </span>
    </p>
   </div>
   <div class='ocr_carea' id='block_1_8' title="bbox 434 2567 2038 2671">
    <p class='ocr_par' dir='ltr' id='par_1_8' title="bbox 434 2567 2038 2671">
     <span class='ocr_line' id='line_1_11' title="bbox 434 2567 2038 2671; baseline -0.001 -29"><span class='ocrx_word' id='word_1_96' title='bbox 434 2570 483 2642; x_wconf 91' lang='lat' dir='ltr'><strong>Ut</strong></span> <span class='ocrx_word' id='word_1_97' title='bbox 507 2567 650 2641; x_wconf 90' lang='lat' dir='ltr'><strong>initium</strong></span> <span class='ocrx_word' id='word_1_98' title='bbox 676 2568 908 2668; x_wconf 89' lang='lat' dir='ltr'><strong>episcopatus</strong></span> <span class='ocrx_word' id='word_1_99' title='bbox 936 2570 974 2641; x_wconf 88' lang='lat' dir='ltr'><strong>S.</strong></span> <span class='ocrx_word' id='word_1_100' title='bbox 999 2568 1180 2641; x_wconf 85' lang='lat' dir='ltr'><strong>Simeonis</strong></span> <span class='ocrx_word' id='word_1_101' title='bbox 1208 2595 1251 2642; x_wconf 82' lang='lat' dir='ltr'><strong>ex</strong></span> <span class='ocrx_word' id='word_1_102' title='bbox 1277 2583 1398 2643; x_wconf 89' lang='lat' dir='ltr'><strong>mente</strong></span> <span class='ocrx_word' id='word_1_103' title='bbox 1433 2573 1607 2671; x_wconf 89' lang='lat' dir='ltr'><strong>Syrorum</strong></span> <span class='ocrx_word' id='word_1_104' title='bbox 1633 2583 1785 2643; x_wconf 86' lang='lat' dir='ltr'><strong>eventus</strong></span> <span class='ocrx_word' id='word_1_105' title='bbox 1807 2568 1947 2642; x_wconf 81' lang='lat' dir='ltr'><strong>maximi</strong></span> <span class='ocrx_word' id='word_1_106' title='bbox 2037 2576 2038 2607; x_wconf 77' lang='lat'><em>³</em></span> 
     </span>
    </p>
   </div>
   <div class='ocr_carea' id='block_1_9' title="bbox 362 2701 1951 2802">
    <p class='ocr_par' dir='ltr' id='par_1_9' title="bbox 362 2701 1951 2802">
     <span class='ocr_line' id='line_1_12' title="bbox 362 2701 1951 2802; baseline 0.001 -30"><span class='ocrx_word' id='word_1_107' title='bbox 362 2701 535 2774; x_wconf 85' lang='lat' dir='ltr'><strong>momenti</strong></span> <span class='ocrx_word' id='word_1_108' title='bbox 550 2701 669 2774; x_wconf 89' lang='lat' dir='ltr'><strong>sactus</strong></span> <span class='ocrx_word' id='word_1_109' title='bbox 687 2714 743 2774; x_wconf 88' lang='lat' dir='ltr'><strong>est</strong></span> <span class='ocrx_word' id='word_1_110' title='bbox 756 2701 936 2801; x_wconf 80' lang='lat' dir='ltr'><strong>dignitate</strong></span> <span class='ocrx_word' id='word_1_111' title='bbox 952 2701 1192 2774; x_wconf 84' lang='lat' dir='ltr'><strong>catholicatus</strong></span> <span class='ocrx_word' id='word_1_112' title='bbox 1212 2702 1380 2775; x_wconf 87' lang='lat' dir='ltr'><strong>instituta</strong></span> <span class='ocrx_word' id='word_1_113' title='bbox 1398 2702 1627 2802; x_wconf 89' lang='lat' dir='ltr'><strong>primatuque</strong></span> <span class='ocrx_word' id='word_1_114' title='bbox 1643 2704 1816 2802; x_wconf 89' lang='lat' dir='ltr'><strong>episcopo</strong></span> <span class='ocrx_word' id='word_1_115' title='bbox 1833 2703 1951 2776; x_wconf 87' lang='lat' dir='ltr'><strong>Seleu·</strong></span> 
     </span>
    </p>
   </div>
   <div class='ocr_carea' id='block_1_10' title="bbox 367 2833 2038 3063">
    <p class='ocr_par' dir='ltr' id='par_1_10' title="bbox 367 2833 2038 3063">
     <span class='ocr_line' id='line_1_13' title="bbox 367 2833 2038 2941; baseline 0 -33"><span class='ocrx_word' id='word_1_116' title='bbox 367 2833 444 2909; x_wconf 88' lang='lat' dir='ltr'><strong>ciac</strong></span> <span class='ocrx_word' id='word_1_117' title='bbox 464 2833 610 2920; x_wconf 89' lang='lat' dir='ltr'><strong>collato,</strong></span> <span class='ocrx_word' id='word_1_118' title='bbox 640 2834 692 2907; x_wconf 90' lang='lat' dir='ltr'><strong>sic</strong></span> <span class='ocrx_word' id='word_1_119' title='bbox 720 2847 755 2906; x_wconf 91' lang='lat' dir='ltr'><strong>et</strong></span> <span class='ocrx_word' id='word_1_120' title='bbox 780 2834 900 2908; x_wconf 85' lang='lat' dir='ltr'><strong>exitus</strong></span> <span class='ocrx_word' id='word_1_121' title='bbox 919 2834 988 2906; x_wconf 90' lang='lat' dir='ltr'><strong>viri</strong></span> <span class='ocrx_word' id='word_1_122' title='bbox 1008 2834 1230 2908; x_wconf 84' lang='lat' dir='ltr'><strong>sanctissimi</strong></span> <span class='ocrx_word' id='word_1_123' title='bbox 1253 2836 1460 2908; x_wconf 84' lang='lat' dir='ltr'><strong>summissi</strong></span> <span class='ocrx_word' id='word_1_124' title='bbox 1483 2835 1675 2919; x_wconf 80' lang='lat' dir='ltr'><strong>momenti3</strong></span> <span class='ocrx_word' id='word_1_125' title='bbox 1697 2835 1842 2909; x_wconf 89' lang='lat' dir='ltr'><strong>initium</strong></span> <span class='ocrx_word' id='word_1_126' title='bbox 1863 2836 1950 2908; x_wconf 91' lang='lat' dir='ltr'><strong>enim</strong></span> <span class='ocrx_word' id='word_1_127' title='bbox 2037 2872 2038 2941; x_wconf 49' lang='lat'><em>3</em></span> 
     </span>
     <span class='ocr_line' id='line_1_14' title="bbox 368 2961 2038 3063; baseline 0.002 -29"><span class='ocrx_word' id='word_1_128' title='bbox 368 2974 444 3035; x_wconf 89' lang='lat' dir='ltr'><strong>erat</strong></span> <span class='ocrx_word' id='word_1_129' title='bbox 464 2962 731 3061; x_wconf 86' lang='lat' dir='ltr'><strong>persecutionis</strong></span> <span class='ocrx_word' id='word_1_130' title='bbox 751 2962 910 3035; x_wconf 87' lang='lat' dir='ltr'><strong>crudelis</strong></span> <span class='ocrx_word' id='word_1_131' title='bbox 928 2963 1133 3062; x_wconf 85' lang='lat' dir='ltr'><strong>longaeque</strong></span> <span class='ocrx_word' id='word_1_132' title='bbox 1152 2988 1172 3035; x_wconf 92' lang='grc'><strong>3</strong></span> <span class='ocrx_word' id='word_1_133' title='bbox 1188 2968 1313 3059; x_wconf 83' lang='lat' dir='ltr'><strong>Sapore</strong></span> <span class='ocrx_word' id='word_1_134' title='bbox 1328 2967 1521 3037; x_wconf 88' lang='lat' dir='ltr'><strong>Persarum</strong></span> <span class='ocrx_word' id='word_1_135' title='bbox 1537 2989 1640 3063; x_wconf 80' lang='lat' dir='ltr'><strong>rege,</strong></span> <span class='ocrx_word' id='word_1_136' title='bbox 1660 2964 1873 3051; x_wconf 83' lang='lat' dir='ltr'><strong>suscitatae,</strong></span> <span class='ocrx_word' id='word_1_137' title='bbox 1890 2961 1950 3036; x_wconf 88' lang='lat' dir='ltr'><strong>suh</strong></span> <span class='ocrx_word' id='word_1_138' title='bbox 2037 3000 2038 3037; x_wconf 58' lang='lat' dir='ltr'><strong>r</strong></span> 
     </span>
    </p>
   </div>
   <div class='ocr_carea' id='block_1_11' title="bbox 366 3095 2038 3194">
    <p class='ocr_par' dir='ltr' id='par_1_11' title="bbox 366 3095 2038 3194">
     <span class='ocr_line' id='line_1_15' title="bbox 366 3095 2038 3194; baseline 0.001 -26"><span class='ocrx_word' id='word_1_139' title='bbox 366 3095 469 3168; x_wconf 90' lang='lat' dir='ltr'><strong>cuius</strong></span> <span class='ocrx_word' id='word_1_140' title='bbox 489 3095 669 3194; x_wconf 89' lang='lat' dir='ltr'><strong>principio</strong></span> <span class='ocrx_word' id='word_1_141' title='bbox 690 3095 837 3194; x_wconf 90' lang='lat' dir='ltr'><strong>quidem</strong></span> <span class='ocrx_word' id='word_1_142' title='bbox 857 3108 1023 3194; x_wconf 89' lang='lat' dir='ltr'><strong>pastores</strong></span> <span class='ocrx_word' id='word_1_143' title='bbox 1046 3110 1082 3169; x_wconf 92' lang='lat' dir='ltr'><strong>et</strong></span> <span class='ocrx_word' id='word_1_144' title='bbox 1108 3096 1234 3169; x_wconf 86' lang='lat' dir='ltr'><strong>fideles</strong></span> <span class='ocrx_word' id='word_1_145' title='bbox 1258 3097 1424 3170; x_wconf 86' lang='lat' dir='ltr'><strong>certatim</strong></span> <span class='ocrx_word' id='word_1_146' title='bbox 1446 3096 1514 3169; x_wconf 89' lang='lat' dir='ltr'><strong>zeli</strong></span> <span class='ocrx_word' id='word_1_147' title='bbox 1539 3110 1575 3170; x_wconf 89' lang='lat' dir='ltr'><strong>et</strong></span> <span class='ocrx_word' id='word_1_148' title='bbox 1594 3097 1821 3171; x_wconf 81' lang='lat' dir='ltr'><strong>fortitudinis</strong></span> <span class='ocrx_word' id='word_1_149' title='bbox 1842 3122 1951 3170; x_wconf 86' lang='lat' dir='ltr'><strong>exem·</strong></span> <span class='ocrx_word' id='word_1_150' title='bbox 2037 3188 2038 3193; x_wconf 5' lang='grc' dir='ltr'>ἵ</span> 
     </span>
    </p>
   </div>
   <div class='ocr_carea' id='block_1_12' title="bbox 367 3227 1950 3328">
    <p class='ocr_par' dir='ltr' id='par_1_12' title="bbox 367 3227 1950 3328">
     <span class='ocr_line' id='line_1_16' title="bbox 367 3227 1950 3328; baseline 0.001 -29"><span class='ocrx_word' id='word_1_151' title='bbox 367 3228 428 3327; x_wconf 90' lang='lat' dir='ltr'><strong>pla</strong></span> <span class='ocrx_word' id='word_1_152' title='bbox 452 3227 599 3301; x_wconf 87' lang='lat' dir='ltr'><strong>heroica</strong></span> <span class='ocrx_word' id='word_1_153' title='bbox 619 3229 829 3314; x_wconf 87' lang='lat' dir='ltr'><strong>exhibuere,</strong></span> <span class='ocrx_word' id='word_1_154' title='bbox 853 3241 890 3301; x_wconf 90' lang='lat' dir='ltr'><strong>et</strong></span> <span class='ocrx_word' id='word_1_155' title='bbox 912 3228 980 3301; x_wconf 90' lang='lat' dir='ltr'><strong>sub</strong></span> <span class='ocrx_word' id='word_1_156' title='bbox 1000 3229 1104 3301; x_wconf 90' lang='lat' dir='ltr'><strong>cuius</strong></span> <span class='ocrx_word' id='word_1_157' title='bbox 1127 3230 1198 3302; x_wconf 86' lang='lat' dir='ltr'><strong>line</strong></span> <span class='ocrx_word' id='word_1_158' title='bbox 1220 3229 1266 3302; x_wconf 89' lang='lat' dir='ltr'><strong>ad</strong></span> <span class='ocrx_word' id='word_1_159' title='bbox 1287 3231 1561 3328; x_wconf 88' lang='lat' dir='ltr'><strong>persecutiones</strong></span> <span class='ocrx_word' id='word_1_160' title='bbox 1581 3230 1770 3304; x_wconf 88' lang='lat' dir='ltr'><strong>evitandas</strong></span> <span class='ocrx_word' id='word_1_161' title='bbox 1790 3230 1950 3313; x_wconf 90' lang='lat' dir='ltr'><strong>ecclesia,</strong></span> 
     </span>
    </p>
   </div>
   <div class='ocr_carea' id='block_1_13' title="bbox 366 3361 1950 3447">
    <p class='ocr_par' dir='ltr' id='par_1_13' title="bbox 366 3361 2038 3467">
     <span class='ocr_line' id='line_1_17' title="bbox 366 3361 1950 3447; baseline -0.001 -13"><span class='ocrx_word' id='word_1_162' title='bbox 366 3362 421 3434; x_wconf 89' lang='lat' dir='ltr'><strong>uti</strong></span> <span class='ocrx_word' id='word_1_163' title='bbox 441 3361 579 3447; x_wconf 86' lang='lat' dir='ltr'><strong>dicunt,</strong></span> <span class='ocrx_word' id='word_1_164' title='bbox 602 3361 777 3435; x_wconf 89' lang='lat' dir='ltr'><strong>nationali</strong></span> <span class='ocrx_word' id='word_1_165' title='bbox 793 3362 945 3434; x_wconf 83' lang='lat' dir='ltr'><strong>lundata</strong></span> <span class='ocrx_word' id='word_1_166' title='bbox 965 3374 1001 3435; x_wconf 91' lang='lat' dir='ltr'><strong>et</strong></span> <span class='ocrx_word' id='word_1_167' title='bbox 1018 3363 1159 3436; x_wconf 89' lang='lat' dir='ltr'><strong>haeresi</strong></span> <span class='ocrx_word' id='word_1_168' title='bbox 1175 3364 1392 3437; x_wconf 83' lang='lat' dir='ltr'><strong>Nestorisue</strong></span> <span class='ocrx_word' id='word_1_169' title='bbox 1413 3363 1622 3437; x_wconf 86' lang='lat' dir='ltr'><strong>introducta</strong></span> <span class='ocrx_word' id='word_1_170' title='bbox 1636 3364 1682 3437; x_wconf 89' lang='lat' dir='ltr'><strong>ab</strong></span> <span class='ocrx_word' id='word_1_171' title='bbox 1702 3363 1842 3437; x_wconf 91' lang='lat' dir='ltr'><strong>unitate</strong></span> <span class='ocrx_word' id='word_1_172' title='bbox 1862 3362 1950 3447; x_wconf 84' lang='lat' dir='ltr'><strong>fidei,</strong></span> 
     </span>
    </p>
   </div>
   <div class='ocr_carea' id='block_1_14' title="bbox 373 3494 1954 3594">
    <p class='ocr_par' dir='ltr' id='par_1_14' title="bbox 373 3484 2038 3594">
     <span class='ocr_line' id='line_1_18' title="bbox 373 3494 1954 3594; baseline -0.001 -27"><span class='ocrx_word' id='word_1_173' title='bbox 373 3494 552 3567; x_wconf 86' lang='lat' dir='ltr'><strong>deiecere.</strong></span> <span class='ocrx_word' id='word_1_174' title='bbox 581 3499 702 3590; x_wconf 82' lang='lat' dir='ltr'><strong>Quare</strong></span> <span class='ocrx_word' id='word_1_175' title='bbox 727 3520 859 3594; x_wconf 87' lang='lat' dir='ltr'><strong>operae</strong></span> <span class='ocrx_word' id='word_1_176' title='bbox 883 3495 1040 3594; x_wconf 91' lang='lat' dir='ltr'><strong>pretium</strong></span> <span class='ocrx_word' id='word_1_177' title='bbox 1061 3509 1116 3569; x_wconf 92' lang='lat' dir='ltr'><strong>est</strong></span> <span class='ocrx_word' id='word_1_178' title='bbox 1139 3498 1356 3570; x_wconf 89' lang='lat' dir='ltr'><strong>documenta</strong></span> <span class='ocrx_word' id='word_1_179' title='bbox 1376 3510 1529 3570; x_wconf 89' lang='lat' dir='ltr'><strong>eventus</strong></span> <span class='ocrx_word' id='word_1_180' title='bbox 1547 3498 1640 3571; x_wconf 92' lang='lat' dir='ltr'><strong>tanti</strong></span> <span class='ocrx_word' id='word_1_181' title='bbox 1664 3497 1838 3569; x_wconf 88' lang='lat' dir='ltr'><strong>momenti</strong></span> <span class='ocrx_word' id='word_1_182' title='bbox 1865 3494 1954 3570; x_wconf 83' lang='lat' dir='ltr'><strong>exhi·</strong></span> 
     </span>
    </p>
   </div>
   <div class='ocr_carea' id='block_1_15' title="bbox 365 3625 1708 3729">
    <p class='ocr_par' dir='ltr' id='par_1_15' title="bbox 365 3625 1708 3729">
     <span class='ocr_line' id='line_1_19' title="bbox 365 3625 1708 3729; baseline 0.003 -31"><span class='ocrx_word' id='word_1_183' title='bbox 365 3625 458 3699; x_wconf 93' lang='lat' dir='ltr'><strong>bere</strong></span> <span class='ocrx_word' id='word_1_184' title='bbox 479 3638 515 3699; x_wconf 90' lang='lat' dir='ltr'><strong>et</strong></span> <span class='ocrx_word' id='word_1_185' title='bbox 533 3651 658 3700; x_wconf 91' lang='lat' dir='ltr'><strong>eorum</strong></span> <span class='ocrx_word' id='word_1_186' title='bbox 678 3641 842 3700; x_wconf 91' lang='lat' dir='ltr'><strong>mutuum</strong></span> <span class='ocrx_word' id='word_1_187' title='bbox 858 3652 991 3702; x_wconf 86' lang='lat' dir='ltr'><strong>nexum</strong></span> <span class='ocrx_word' id='word_1_188' title='bbox 1007 3641 1043 3702; x_wconf 90' lang='lat' dir='ltr'><strong>et</strong></span> <span class='ocrx_word' id='word_1_189' title='bbox 1055 3628 1236 3729; x_wconf 84' lang='lat' dir='ltr'><strong>originem</strong></span> <span class='ocrx_word' id='word_1_190' title='bbox 1249 3630 1456 3703; x_wconf 87' lang='lat' dir='ltr'><strong>accuratius</strong></span> <span class='ocrx_word' id='word_1_191' title='bbox 1471 3630 1708 3729; x_wconf 83' lang='lat' dir='ltr'><strong>investigare.</strong></span> 
     </span>
    </p>
   </div>
   <div class='ocr_carea' id='block_1_16' title="bbox 446 3893 1953 3996">
    <p class='ocr_par' dir='ltr' id='par_1_16' title="bbox 446 3893 1953 3996">
     <span class='ocr_line' id='line_1_20' title="bbox 446 3893 1953 3996; baseline 0.003 -33"><span class='ocrx_word' id='word_1_192' title='bbox 446 3893 478 3964; x_wconf 87' lang='lat' dir='ltr'><strong>l.</strong></span> <span class='ocrx_word' id='word_1_193' title='bbox 503 3893 683 3991; x_wconf 86' lang='lat' dir='ltr'><strong>Martyria</strong></span> <span class='ocrx_word' id='word_1_194' title='bbox 703 3896 742 3966; x_wconf 89' lang='lat' dir='ltr'><strong>S.</strong></span> <span class='ocrx_word' id='word_1_195' title='bbox 761 3893 943 3967; x_wconf 90' lang='lat' dir='ltr'><strong>Simeonis</strong></span> <span class='ocrx_word' id='word_1_196' title='bbox 963 3894 1105 3993; x_wconf 87' lang='lat' dir='ltr'><strong>syriaca</strong></span> <span class='ocrx_word' id='word_1_197' title='bbox 1124 3895 1161 3967; x_wconf 91' lang='lat' dir='ltr'><strong>in</strong></span> <span class='ocrx_word' id='word_1_198' title='bbox 1177 3894 1319 3968; x_wconf 89' lang='lat' dir='ltr'><strong>duabus</strong></span> <span class='ocrx_word' id='word_1_199' title='bbox 1337 3909 1482 3969; x_wconf 86' lang='lat' dir='ltr'><strong>exstant</strong></span> <span class='ocrx_word' id='word_1_200' title='bbox 1501 3896 1777 3970; x_wconf 90' lang='lat' dir='ltr'><strong>recensionibus</strong></span> <span class='ocrx_word' id='word_1_201' title='bbox 1797 3894 1953 3996; x_wconf 90' lang='lat' dir='ltr'><strong>peranti-</strong></span> 
     </span>
    </p>
   </div>
   <div class='ocr_carea' id='block_1_17' title="bbox 377 4020 2038 4139">
    <p class='ocr_par' dir='ltr' id='par_1_17' title="bbox 377 4020 2038 4139">
     <span class='ocr_line' id='line_1_21' title="bbox 377 4020 2038 4139; baseline 0.003 -43"><span class='ocrx_word' id='word_1_202' title='bbox 377 4025 472 4124; x_wconf 90' lang='lat' dir='ltr'><strong>quis,</strong></span> <span class='ocrx_word' id='word_1_203' title='bbox 499 4051 653 4124; x_wconf 90' lang='lat' dir='ltr'><strong>quarum</strong></span> <span class='ocrx_word' id='word_1_204' title='bbox 685 4026 837 4124; x_wconf 89' lang='lat' dir='ltr'><strong>primam</strong></span> <span class='ocrx_word' id='word_1_205' title='bbox 865 4033 1062 4100; x_wconf 73' lang='lat' dir='ltr'><strong>Assemani·</strong></span> <span class='ocrx_word' id='word_1_206' title='bbox 1097 4028 1249 4101; x_wconf 89' lang='lat' dir='ltr'><strong>alteram</strong></span> <span class='ocrx_word' id='word_1_207' title='bbox 1280 4041 1401 4102; x_wconf 90' lang='lat' dir='ltr'><strong>autem</strong></span> <span class='ocrx_word' id='word_1_208' title='bbox 1433 4029 1724 4139; x_wconf 32' lang='lat' dir='ltr'><strong>Bedjan²dprius</strong></span> <span class='ocrx_word' id='word_1_209' title='bbox 1753 4028 1951 4104; x_wconf 89' lang='lat' dir='ltr'><strong>ediderunt.</strong></span> <span class='ocrx_word' id='word_1_210' title='bbox 2037 4020 2038 4053; x_wconf 58' lang='lat'><strong>³</strong></span> 
     </span>
    </p>
   </div>
   <div class='ocr_carea' id='block_1_18' title="bbox 368 4159 1959 4793">
    <p class='ocr_par' dir='ltr' id='par_1_18' title="bbox 368 4159 1955 4524">
     <span class='ocr_line' id='line_1_22' title="bbox 368 4159 1955 4262; baseline 0.001 -31"><span class='ocrx_word' id='word_1_211' title='bbox 368 4161 508 4232; x_wconf 83' lang='lat' dir='ltr'><strong>Nexum</strong></span> <span class='ocrx_word' id='word_1_212' title='bbox 527 4172 649 4230; x_wconf 88' lang='lat' dir='ltr'><strong>autern</strong></span> <span class='ocrx_word' id='word_1_213' title='bbox 670 4159 955 4259; x_wconf 88' lang='lat' dir='ltr'><strong>relationemque</strong></span> <span class='ocrx_word' id='word_1_214' title='bbox 980 4161 1236 4259; x_wconf 87' lang='lat' dir='ltr'><strong>martyriorum</strong></span> <span class='ocrx_word' id='word_1_215' title='bbox 1263 4162 1392 4235; x_wconf 89' lang='lat' dir='ltr'><strong>horum</strong></span> <span class='ocrx_word' id='word_1_216' title='bbox 1414 4188 1521 4236; x_wconf 89' lang='lat' dir='ltr'><strong>nemo</strong></span> <span class='ocrx_word' id='word_1_217' title='bbox 1546 4163 1664 4235; x_wconf 89' lang='lat' dir='ltr'><strong>adhuc</strong></span> <span class='ocrx_word' id='word_1_218' title='bbox 1689 4176 1815 4237; x_wconf 85' lang='lat' dir='ltr'><strong>exacte</strong></span> <span class='ocrx_word' id='word_1_219' title='bbox 1842 4162 1955 4262; x_wconf 91' lang='lat' dir='ltr'><strong>inqui·</strong></span> 
     </span>
     <span class='ocr_line' id='line_1_23' title="bbox 370 4291 1955 4392; baseline 0 -28"><span class='ocrx_word' id='word_1_220' title='bbox 370 4291 466 4377; x_wconf 89' lang='lat' dir='ltr'><strong>sivit,</strong></span> <span class='ocrx_word' id='word_1_221' title='bbox 498 4317 610 4389; x_wconf 88' lang='lat' dir='ltr'><strong>quare</strong></span> <span class='ocrx_word' id='word_1_222' title='bbox 635 4292 731 4364; x_wconf 90' lang='lat' dir='ltr'><strong>haud</strong></span> <span class='ocrx_word' id='word_1_223' title='bbox 759 4292 890 4364; x_wconf 89' lang='lat' dir='ltr'><strong>mirum</strong></span> <span class='ocrx_word' id='word_1_224' title='bbox 914 4293 1105 4392; x_wconf 89' lang='lat' dir='ltr'><strong>opiniones</strong></span> <span class='ocrx_word' id='word_1_225' title='bbox 1132 4294 1243 4368; x_wconf 85' lang='lat' dir='ltr'><strong>falsas</strong></span> <span class='ocrx_word' id='word_1_226' title='bbox 1275 4295 1475 4369; x_wconf 89' lang='lat' dir='ltr'><strong>haedere</strong></span> <span class='ocrx_word' id='word_1_227' title='bbox 1505 4296 1744 4369; x_wconf 80' lang='lat' dir='ltr'><strong>circumferri.</strong></span> <span class='ocrx_word' id='word_1_228' title='bbox 1770 4294 1955 4369; x_wconf 91' lang='lat' dir='ltr'><strong>Assemani</strong></span> 
     </span>
     <span class='ocr_line' id='line_1_24' title="bbox 369 4423 1203 4524; baseline 0.001 -27"><span class='ocrx_word' id='word_1_229' title='bbox 369 4423 548 4497; x_wconf 87' lang='lat' dir='ltr'><strong>eiusmodi</strong></span> <span class='ocrx_word' id='word_1_230' title='bbox 563 4425 754 4524; x_wconf 91' lang='lat' dir='ltr'><strong>proposuit</strong></span> <span class='ocrx_word' id='word_1_231' title='bbox 768 4424 814 4498; x_wconf 91' lang='lat' dir='ltr'><strong>de</strong></span> <span class='ocrx_word' id='word_1_232' title='bbox 830 4450 869 4498; x_wconf 89' lang='lat' dir='ltr'><strong>re</strong></span> <span class='ocrx_word' id='word_1_233' title='bbox 888 4426 958 4499; x_wconf 89' lang='lat' dir='ltr'><strong>ista</strong></span> <span class='ocrx_word' id='word_1_234' title='bbox 977 4427 1175 4500; x_wconf 78' lang='lat' dir='ltr'><strong>iudicium³</strong></span> <span class='ocrx_word' id='word_1_235' title='bbox 1195 4455 1203 4498; x_wconf 71' lang='grc' dir='ltr'><strong><em>ε</em></strong></span> 
     </span>
    </p>

    <p class='ocr_par' dir='ltr' id='par_1_19' title="bbox 371 4560 1959 4793">
     <span class='ocr_line' id='line_1_25' title="bbox 443 4560 1957 4657; baseline 0.001 -29"><span class='ocrx_word' id='word_1_236' title='bbox 443 4560 483 4629; x_wconf 95' lang='lat' dir='ltr'><strong>ld</strong></span> <span class='ocrx_word' id='word_1_237' title='bbox 503 4570 616 4629; x_wconf 88' lang='lat' dir='ltr'><strong>autem</strong></span> <span class='ocrx_word' id='word_1_238' title='bbox 638 4561 753 4630; x_wconf 85' lang='lat' dir='ltr'><strong>oneris</strong></span> <span class='ocrx_word' id='word_1_239' title='bbox 771 4562 914 4655; x_wconf 75' lang='lat' dir='ltr'><strong>(scilicet</strong></span> <span class='ocrx_word' id='word_1_240' title='bbox 932 4563 1090 4633; x_wconf 78' lang='lat' dir='ltr'><strong>editionis</strong></span> <span class='ocrx_word' id='word_1_241' title='bbox 1114 4564 1358 4644; x_wconf 81' lang='lat' dir='ltr'><strong>instituendae}</strong></span> <span class='ocrx_word' id='word_1_242' title='bbox 1381 4589 1422 4635; x_wconf 90' lang='lat' dir='ltr'><strong>ne</strong></span> <span class='ocrx_word' id='word_1_243' title='bbox 1446 4566 1640 4635; x_wconf 82' lang='lat' dir='ltr'><strong>inconsulto</strong></span> <span class='ocrx_word' id='word_1_244' title='bbox 1660 4566 1755 4635; x_wconf 84' lang='lat' dir='ltr'><strong>nobis</strong></span> <span class='ocrx_word' id='word_1_245' title='bbox 1773 4576 1835 4635; x_wconf 88' lang='lat' dir='ltr'><strong>aut</strong></span> <span class='ocrx_word' id='word_1_246' title='bbox 1860 4569 1957 4657; x_wconf 75' lang='lat' dir='ltr'><strong>impu</strong></span> 
     </span>
     <span class='ocr_line' id='line_1_26' title="bbox 371 4694 1959 4793; baseline 0 -31"><span class='ocrx_word' id='word_1_247' title='bbox 371 4715 539 4773; x_wconf 79' lang='lat' dir='ltr'><strong>necemus,</strong></span> <span class='ocrx_word' id='word_1_248' title='bbox 568 4694 629 4763; x_wconf 91' lang='lat' dir='ltr'><strong>din</strong></span> <span class='ocrx_word' id='word_1_249' title='bbox 658 4695 872 4793; x_wconf 82' lang='lat' dir='ltr'><strong>multumque</strong></span> <span class='ocrx_word' id='word_1_250' title='bbox 902 4696 1173 4779; x_wconf 81' lang='lat' dir='ltr'><strong>deliberavimus,</strong></span> <span class='ocrx_word' id='word_1_251' title='bbox 1199 4698 1338 4768; x_wconf 86' lang='lat' dir='ltr'><strong>cuinam</strong></span> <span class='ocrx_word' id='word_1_252' title='bbox 1358 4700 1575 4790; x_wconf 85' lang='lat' dir='ltr'><strong>potissimum</strong></span> <span class='ocrx_word' id='word_1_253' title='bbox 1606 4721 1651 4768; x_wconf 75' lang='lat' dir='ltr'><strong>een</strong></span> <span class='ocrx_word' id='word_1_254' title='bbox 1677 4700 1879 4783; x_wconf 80' lang='lat' dir='ltr'><strong>innumeris,</strong></span> <span class='ocrx_word' id='word_1_255' title='bbox 1904 4695 1959 4790; x_wconf 86' lang='lat' dir='ltr'><strong>qni</strong></span> 
     </span>
    </p>
   </div>
   <div class='ocr_carea' id='block_1_19' title="bbox 379 4822 2038 4919">
    <p class='ocr_par' dir='ltr' id='par_1_20' title="bbox 379 4822 2038 4919">
     <span class='ocr_line' id='line_1_27' title="bbox 379 4822 2038 4919; baseline 0.001 -29"><span class='ocrx_word' id='word_1_256' title='bbox 379 4822 608 4911; x_wconf 77' lang='lat' dir='ltr'><strong>offerebantur</strong></span> <span class='ocrx_word' id='word_1_257' title='bbox 634 4823 801 4894; x_wconf 80' lang='lat' dir='ltr'><strong>codicibus</strong></span> <span class='ocrx_word' id='word_1_258' title='bbox 831 4847 969 4915; x_wconf 83' lang='lat' dir='ltr'><strong>operam</strong></span> <span class='ocrx_word' id='word_1_259' title='bbox 994 4826 1274 4916; x_wconf 83' lang='lat' dir='ltr'><strong>impenderemus.</strong></span> <span class='ocrx_word' id='word_1_260' title='bbox 1301 4829 1347 4897; x_wconf 84' lang='lat' dir='ltr'><strong>lte</strong></span> <span class='ocrx_word' id='word_1_261' title='bbox 1376 4838 1508 4898; x_wconf 84' lang='lat' dir='ltr'><strong>mature</strong></span> <span class='ocrx_word' id='word_1_262' title='bbox 1529 4850 1698 4919; x_wconf 84' lang='lat' dir='ltr'><strong>perpensa</strong></span> <span class='ocrx_word' id='word_1_263' title='bbox 1719 4828 1803 4897; x_wconf 88' lang='lat' dir='ltr'><strong>dnos</strong></span> <span class='ocrx_word' id='word_1_264' title='bbox 1829 4827 1957 4897; x_wconf 85' lang='lat' dir='ltr'><strong>tandem</strong></span> <span class='ocrx_word' id='word_1_265' title='bbox 2037 4838 2038 4883; x_wconf 64' lang='lat' dir='ltr'><strong>l</strong></span> 
     </span>
    </p>
   </div>
   <div class='ocr_carea' id='block_1_20' title="bbox 370 4956 1960 5317">
    <p class='ocr_par' dir='ltr' id='par_1_21' title="bbox 370 4956 1960 5317">
     <span class='ocr_line' id='line_1_28' title="bbox 371 4956 1958 5056; baseline 0.003 -32"><span class='ocrx_word' id='word_1_266' title='bbox 371 4956 560 5024; x_wconf 81' lang='lat' dir='ltr'><strong>Nitricnses</strong></span> <span class='ocrx_word' id='word_1_267' title='bbox 580 4957 725 5041; x_wconf 80' lang='lat' dir='ltr'><strong>Codices,</strong></span> <span class='ocrx_word' id='word_1_268' title='bbox 757 4958 847 5026; x_wconf 82' lang='lat' dir='ltr'><strong>inter</strong></span> <span class='ocrx_word' id='word_1_269' title='bbox 870 4960 1046 5028; x_wconf 82' lang='lat' dir='ltr'><strong>Vaticanus</strong></span> <span class='ocrx_word' id='word_1_270' title='bbox 1074 4960 1233 5056; x_wconf 77' lang='lat' dir='ltr'><strong>Syriacos</strong></span> <span class='ocrx_word' id='word_1_271' title='bbox 1257 4983 1353 5029; x_wconf 74' lang='lat' dir='ltr'><strong>rursm.</strong></span> <span class='ocrx_word' id='word_1_272' title='bbox 1375 4963 1394 5030; x_wconf 86' lang='lat' dir='ltr'><strong>i</strong></span> <span class='ocrx_word' id='word_1_273' title='bbox 1419 4973 1450 5031; x_wconf 88' lang='lat' dir='ltr'><strong>et</strong></span> <span class='ocrx_word' id='word_1_274' title='bbox 1465 4964 1503 5031; x_wconf 95' lang='lat' dir='ltr'><strong>ll</strong></span> <span class='ocrx_word' id='word_1_275' title='bbox 1521 4971 1661 5044; x_wconf 69' lang='lat' dir='ltr'><strong>leontos,</strong></span> <span class='ocrx_word' id='word_1_276' title='bbox 1682 4961 1881 5043; x_wconf 81' lang='lat' dir='ltr'><strong>chaldaicis,</strong></span> <span class='ocrx_word' id='word_1_277' title='bbox 1906 4980 1958 5028; x_wconf 86' lang='lat' dir='ltr'><strong>sen</strong></span> 
     </span>
     <span class='ocr_line' id='line_1_29' title="bbox 370 5084 1957 5183; baseline 0.002 -30"><span class='ocrx_word' id='word_1_278' title='bbox 370 5084 589 5174; x_wconf 77' lang='lat' dir='ltr'><strong>Estraripelis</strong></span> <span class='ocrx_word' id='word_1_279' title='bbox 607 5095 645 5153; x_wconf 87' lang='lat' dir='ltr'><strong>ut</strong></span> <span class='ocrx_word' id='word_1_280' title='bbox 667 5097 796 5170; x_wconf 79' lang='lat' dir='ltr'><strong>uocarat,</strong></span> <span class='ocrx_word' id='word_1_281' title='bbox 825 5086 883 5156; x_wconf 80' lang='lat' dir='ltr'><strong>hoc</strong></span> <span class='ocrx_word' id='word_1_282' title='bbox 911 5098 960 5156; x_wconf 84' lang='lat' dir='ltr'><strong>est</strong></span> <span class='ocrx_word' id='word_1_283' title='bbox 978 5094 1185 5183; x_wconf 65' lang='grc' dir='ltr'>στρογγηλοις,</span> <span class='ocrx_word' id='word_1_284' title='bbox 1207 5089 1278 5157; x_wconf 87' lang='lat' dir='ltr'><strong>sive</strong></span> <span class='ocrx_word' id='word_1_285' title='bbox 1304 5090 1459 5160; x_wconf 87' lang='lat' dir='ltr'><strong>rotundis</strong></span> <span class='ocrx_word' id='word_1_286' title='bbox 1480 5089 1780 5182; x_wconf 79' lang='lat' dir='ltr'><strong>cetristissimisquc</strong></span> <span class='ocrx_word' id='word_1_287' title='bbox 1801 5090 1957 5181; x_wconf 78' lang='lat' dir='ltr'><strong>Spranun</strong></span> 
     </span>
     <span class='ocr_line' id='line_1_30' title="bbox 372 5216 1960 5317; baseline 0.002 -32"><span class='ocrx_word' id='word_1_288' title='bbox 372 5216 624 5287; x_wconf 70' lang='lat' dir='ltr'><strong>characteribus</strong></span> <span class='ocrx_word' id='word_1_289' title='bbox 655 5230 828 5302; x_wconf 76' lang='lat' dir='ltr'><strong>eucratas,</strong></span> <span class='ocrx_word' id='word_1_290' title='bbox 861 5219 1056 5311; x_wconf 73' lang='lat' dir='ltr'><strong>detepinins,</strong></span> <span class='ocrx_word' id='word_1_291' title='bbox 1088 5223 1149 5313; x_wconf 82' lang='lat' dir='ltr'><strong>qui</strong></span> <span class='ocrx_word' id='word_1_292' title='bbox 1178 5245 1291 5292; x_wconf 85' lang='lat' dir='ltr'><strong>rerum</strong></span> <span class='ocrx_word' id='word_1_293' title='bbox 1324 5224 1572 5317; x_wconf 84' lang='lat' dir='ltr'><strong>descriptarum</strong></span> <span class='ocrx_word' id='word_1_294' title='bbox 1607 5223 1754 5293; x_wconf 77' lang='lat' dir='ltr'><strong>aecimis</strong></span> <span class='ocrx_word' id='word_1_295' title='bbox 1787 5219 1960 5294; x_wconf 85' lang='lat' dir='ltr'><strong>utilissimi</strong></span> 
     </span>
    </p>
   </div>
   <div class='ocr_carea' id='block_1_21' title="bbox 430 5521 1101 5713">
    <p class='ocr_par' dir='ltr' id='par_1_22' title="bbox 430 5521 1101 5713">
     <span class='ocr_line' id='line_1_31' title="bbox 431 5521 1101 5608; baseline 0.006 -23"><span class='ocrx_word' id='word_1_296' title='bbox 431 5522 439 5560; x_wconf 83' lang='lat'><strong><em>⁴</em></strong></span> <span class='ocrx_word' id='word_1_297' title='bbox 458 5522 506 5585; x_wconf 88' lang='lat' dir='ltr'><strong>St.</strong></span> <span class='ocrx_word' id='word_1_298' title='bbox 522 5521 558 5584; x_wconf 77' lang='lat' dir='ltr'><strong>ii.</strong></span> <span class='ocrx_word' id='word_1_299' title='bbox 574 5522 754 5599; x_wconf 85' lang='lat' dir='ltr'><strong>Assemani,</strong></span> <span class='ocrx_word' id='word_1_300' title='bbox 772 5546 823 5608; x_wconf 86' lang='lat' dir='ltr'><strong>op.</strong></span> <span class='ocrx_word' id='word_1_301' title='bbox 841 5527 907 5601; x_wconf 78' lang='lat' dir='ltr'><strong>cit,</strong></span> <span class='ocrx_word' id='word_1_302' title='bbox 921 5535 944 5589; x_wconf 90' lang='lat' dir='ltr'><strong>t.</strong></span> <span class='ocrx_word' id='word_1_303' title='bbox 963 5526 987 5600; x_wconf 81' lang='lat' dir='ltr'><strong>l,</strong></span> <span class='ocrx_word' id='word_1_304' title='bbox 1004 5546 1035 5608; x_wconf 89' lang='lat' dir='ltr'><strong>p.</strong></span> <span class='ocrx_word' id='word_1_305' title='bbox 1055 5533 1101 5590; x_wconf 84' lang='lat'><strong>10.</strong></span> 
     </span>
     <span class='ocr_line' id='line_1_32' title="bbox 430 5628 772 5713; baseline 0.009 -24"><span class='ocrx_word' id='word_1_306' title='bbox 430 5629 442 5666; x_wconf 82' lang='lat'>²</span> <span class='ocrx_word' id='word_1_307' title='bbox 458 5628 542 5691; x_wconf 80' lang='lat' dir='ltr'><strong>ibid.</strong></span> <span class='ocrx_word' id='word_1_308' title='bbox 557 5638 580 5691; x_wconf 90' lang='lat' dir='ltr'><strong>t.</strong></span> <span class='ocrx_word' id='word_1_309' title='bbox 595 5628 637 5706; x_wconf 84' lang='lat' dir='ltr'><strong>ll,</strong></span> <span class='ocrx_word' id='word_1_310' title='bbox 653 5651 685 5713; x_wconf 91' lang='lat' dir='ltr'><strong>p.</strong></span> <span class='ocrx_word' id='word_1_311' title='bbox 705 5636 772 5694; x_wconf 88' lang='lat'><strong>131.</strong></span> 
     </span>
    </p>
   </div>
   <div class='ocr_carea' id='block_1_22' title="bbox 428 5735 836 5822">
    <p class='ocr_par' dir='ltr' id='par_1_23' title="bbox 428 5735 836 5822">
     <span class='ocr_line' id='line_1_33' title="bbox 428 5735 836 5822; baseline 0.007 -25"><span class='ocrx_word' id='word_1_312' title='bbox 428 5736 441 5775; x_wconf 75' lang='lat'>²</span> <span class='ocrx_word' id='word_1_313' title='bbox 457 5735 560 5799; x_wconf 85' lang='lat' dir='ltr'><strong>Praei.</strong></span> <span class='ocrx_word' id='word_1_314' title='bbox 575 5758 663 5822; x_wconf 82' lang='lat' dir='ltr'><strong>gen,</strong></span> <span class='ocrx_word' id='word_1_315' title='bbox 679 5759 711 5821; x_wconf 89' lang='lat' dir='ltr'><strong>p.</strong></span> <span class='ocrx_word' id='word_1_316' title='bbox 729 5759 836 5801; x_wconf 76' lang='lat' dir='ltr'><strong>xxxin.</strong></span> 
     </span>
    </p>
   </div>
   <div class='ocr_carea' id='block_1_23' title="bbox 0 0 2061 6452">
    <p class='ocr_par' dir='ltr' id='par_1_24' title="bbox 0 0 2061 6452">
     <span class='ocr_line' id='line_1_34' title="bbox 0 0 2061 6452; baseline 0 0"><span class='ocrx_word' id='word_1_317' title='bbox 0 0 2061 6452; x_wconf 95' lang='lat' dir='ltr'><strong> </strong></span> 
     </span>
    </p>
   </div>
  </div>
 </body>
</html>
