4108 6458
384 525 440 587 DE
464 526 565 590 vira
588 526 641 590 ET
666 529 860 593 SCRIPTIS
883 531 917 593 S.
943 530 1144 595 SIMEONIS
1167 531 1252 595 ΒΑΗ
1275 533 1461 598 SABBA‘E.
1662 545 1720 602 677

1338 722 1533 785 Mosulensis

1331 1248 1532 1312 Urumiensis
1554 1223 1585 1286 Σ

1338 1549 1532 1613 Mosulensis

297 1832 416 1905 (Δ.)
497 1828 614 1912 72-23
681 1831 719 1897 ²i0
845 1834 1052 1907 xb—.·:.'=..2io
1110 1836 1208 1915 „Q
1289 1848 1406 1920 4÷...6

1299 1957 1535 2022 .Urumiensis

192 2253 297 2327 Alter
316 2254 472 2352 hymnus
497 2255 535 2326 in
561 2255 687 2328 codice
708 2257 887 2329 Vaticano
915 2257 1098 2330 indicatus
1128 2258 1311 2332 invenitur
1331 2261 1368 2333 in
1393 2262 1578 2336 Breviario
1604 2264 1715 2338 Chal-

117 2388 225 2460 daico
244 2387 325 2479 (nd.
349 2387 499 2484 Bedjan)
518 2398 546 2459 t.
569 2390 633 2473 111,
654 2414 741 2488 pag.
767 2389 824 2474 16,
847 2414 955 2487 quem
974 2390 1011 2462 in
1036 2391 1108 2464 iine
1129 2392 1197 2464 sub
1217 2392 1341 2466 littera
1358 2445 1392 2484 *a
1409 2395 1638 2470 exhibemus.

166 2520 272 2593 Alter
298 2519 455 2618 hymnus
483 2520 584 2592 nulia
611 2521 732 2618 prodit
759 2522 918 2621 vestigia
942 2535 1147 2597 structurae
1175 2526 1361 2613 metricae,
1381 2541 1542 2601 ceterum
1564 2555 1715 2628 prorsus

118 2651 271 2725 dubium
291 2666 359 2737 est,
378 2678 425 2725 an
444 2655 481 2724 S.
502 2651 649 2726 Simeon
665 2679 703 2726 re
718 2679 804 2728 vera
825 2667 952 2728 auctor
974 2655 1022 2728 sit
1043 2657 1261 2755 hymnorum
1278 2658 1449 2746 istorum3
1468 2662 1583 2735 codex
1603 2664 1713 2749 enim,

119 2786 182 2885 qui
203 2810 266 2858 cos
285 2788 323 2858 S.
343 2784 504 2858 Simeoni
525 2785 714 2873 adscribit,
731 2788 911 2861 recentior
929 2802 998 2873 est,
1016 2788 1114 2862 unde
1134 2805 1234 2864 caret
1254 2792 1485 2880 auctoritate,
1504 2808 1541 2868 et
1557 2796 1714 2868 attribu-

118 2919 171 2993 tio
191 2919 284 3017 ipsa,
306 2943 380 2992 non
397 2932 438 2991 ut
456 2943 516 2992 res
534 2933 646 3003 certa,
671 2919 736 2993 sed
755 2935 794 2993 ut
814 2921 938 3019 opinio
954 2947 1053 2995 mera
1073 2923 1241 2996 refertur.

194 3055 375 3151 Hymnus,
394 3076 501 3149 quem
522 3051 590 3123 sub
608 3052 730 3125 littera
750 3079 759 3126 i
782 3054 1009 3137 exhibemus,
1028 3056 1128 3128 solus
1147 3068 1216 3143 est,
1234 3058 1296 3155 qui
1316 3057 1437 3157 aliqua
1456 3059 1713 3158 probabilitate

122 3188 160 3257 S.
184 3183 345 3261 Simeoni
372 3182 532 3256 adscribi
556 3186 686 3282 possit.
704 3189 841 3260 Textus
866 3188 991 3286 hymni
1014 3213 1034 3260 e
1059 3188 1184 3262 codice
1212 3191 1352 3262 Musaei
1379 3191 1579 3265 Britannici
1607 3195 1708 3267 Rich.

121 3318 234 3391 7156
253 3317 316 3390 161.
348 3316 429 3388 166’
449 3316 662 3416 desumptus
682 3324 760 3392 est*
784 3334 820 3392 et
835 3320 1071 3418 inscriptione
1091 3333 1185 3395 teste
1206 3323 1243 3394 in
1263 3323 1500 3422 completorio
1520 3324 1711 3411 dicendus,

122 3450 267 3550 qnando
287 3479 304 3519 6
332 3449 506 3547 mysteria
529 3478 547 3520 a
573 3476 646 3524 non
668 3452 908 3525 celebrantur.
929 3456 1057 3527 Exstat
1081 3455 1190 3526 etiarn
1210 3455 1247 3527 in
1273 3455 1397 3528 codiee
1418 3457 1714 3556 Cantabrigiensi

121 3584 215 3657 Add.
240 3582 348 3655 1966
367 3581 429 3654 161.
450 3583 553 3655 178”
570 3597 607 3658 61
625 3585 662 3656 in
682 3585 789 3657 unico
808 3586 934 3659 codice
951 3586 1178 3660 Berolinensi
1194 3589 1342 3661 omnino
1362 3589 1536 3662 recenti³.

194 3717 314 3790 Etiam
335 3714 427 3787 Mari
445 3730 567 3789 narrat
583 3721 618 3791 S.
639 3718 846 3791 Simeonem
861 3719 1046 3792 sectiones
1060 3719 1325 3818 interposuisse
1344 3722 1568 3796 iaculatoriis
1586 3732 1712 3813 (6.6»)

120 3851 273 3925 canticis
290 3856 384 3937 (ιι-66)
397 3860 432 3919 61
448 3852 691 3951 responsoriis
708 3860 813 3940 (rm)
830 3851 1047 3945 (Gismondi,
1066 3878 1119 3947 op.
1138 3856 1209 3938 cit,
1229 3879 1315 3953 pag.
1329 3857 1352 3927 4
1368 3868 1405 3928 et
1421 3857 1490 3950 16).
1509 3856 1640 3930 Merito
1656 3824 1713 3929 tass

120 4008 202 4057 men
222 3985 464 4060 dubitandum
484 3998 540 4057 est
562 3984 688 4082 Syrios
711 3983 904 4069 breviaria,
924 4010 1016 4083 quae
1041 3996 1184 4057 tantum
1210 3987 1429 4060 evolutionis
1450 3974 1609 4088 gradum
1626 4014 1712 4086 pro-

119 4116 260 4203 derent,
276 4134 364 4192 1666
378 4118 554 4216 temporis
575 4116 764 4192 habuisse.

192 4255 342 4324 Praeter
364 4252 532 4351 hymnos,
555 4276 647 4348 quos
668 4250 931 4334 recensuimus,
953 4250 1173 4323 adscribitur
1191 4254 1229 4324 S.
1254 4252 1414 4326 Simeoni
1439 4279 1532 4351 opus
1554 4254 1711 4353 pseudo-

116 4385 400 4484 epigraphuma
424 4385 534 4458 Liber
554 4388 701 4456 Patrum
726 4415 743 4449 »
766 4403 932 4476 666161,
951 4384 1067 4456 amieo
1090 4388 1195 4484 Agar
1214 4385 1422 4458 dedicatum
1442 4385 1486 4458 de
1507 4387 1712 4459 hierarchia

116 4517 267 4591 caelesti
287 4532 324 4590 61
340 4517 504 4590 terrestri
520 4529 556 4589 et
575 4516 620 4589 dc
636 4516 765 4589 officiis
785 4517 939 4590 diversis
960 4518 1234 4591 ecciesiasticis.
1253 4521 1356 4618 Opus
1372 4518 1441 4592 hoc
1462 4519 1626 4618 spurium
1645 4520 1711 4620 fig-

116 4664 280 4724 mentum
297 4651 481 4723 recentius
500 4663 555 4723 est
568 4652 595 4721 ⁴.

178 4826 187 4864 ⁴
205 4826 252 4889 Ex
265 4826 326 4889 hoe
341 4826 450 4889 codice
466 4826 579 4888 hausta
593 4836 643 4888 est
657 4825 753 4888 editio
769 4825 885 4907 Hymni
901 4826 941 4889 ab
958 4825 1122 4889 Orerbeclc
1136 4826 1219 4890 iacta
1235 4827 1379 4909 inopere
1397 4850 1404 4889 :
1421 4828 1607 4910 Ephraemi
1619 4827 1708 4909 Syri,

114 4932 268 4997 Rabulae
286 4936 432 5016 episcopi
447 4932 622 5009 Edessena,
639 4931 762 4995 Balcei
780 4932 987 5015 aliorumque
1002 4952 1105 5015 opera
1123 4936 1254 5012 selecta,
1274 4934 1401 5008 Oxonii,
1421 4938 1508 5007 1865,
1526 4955 1557 5017 p.
1579 4939 1648 4997 424.

174 5040 187 5077 ²
202 5040 231 5101 A
244 5038 426 5124 Catalogne
437 5043 480 5122 ⁰f
486 5041 538 5102 116
552 5039 671 5120 Syriae
687 5037 922 5121 Manuscripts,
937 5040 1115 5120 preserved
1128 5044 1162 5103 in
1178 5041 1229 5103 1116
1247 5039 1391 5122 Library
1406 5043 1448 5122 of
1455 5041 1507 5102 1116
1526 5041 1710 5124 University

114 5149 158 5229 os
175 5145 382 5230 Cambridge,
404 5145 446 5229 by
470 5147 524 5208 the
544 5145 607 5208 late
628 5145 683 5211 W.
702 5143 836 5229 Wright
857 5145 934 5209 with
959 5166 998 5206 an
1023 5146 1239 5210 introduction
1269 5147 1330 5209 and
1350 5146 1512 5230 appendix
1536 5147 1578 5228 by
1602 5147 1649 5210 St.
1669 5148 1707 5211 Α.

115 5253 216 5325 Cook,
234 5252 441 5337 Cambridge,
458 5258 544 5317 1901.

174 5359 340 5434 ’Sacham
371 5359 591 5423 Verzciclrniss
609 5359 668 5422 der
688 5359 864 5440 Syrisciren
887 5359 1147 5442 Handsciiriflen
1166 5360 1225 5421 der
1239 5360 1453 5443 Konigliclren
1468 5360 1653 5422 Bibliorlrelc
1667 5383 1707 5421 zu

113 5466 243 5543 Berlin,
260 5469 347 5539 1899,
362 5488 394 5549 p.
414 5472 482 5528 126.

174 5570 270 5635 ⁴cn.
292 5571 392 5647 eoae,
414 5594 466 5655 op.
486 5576 560 5649 cit.,·
581 5573 717 5647 Sachau,
740 5595 792 5656 op.
814 5575 880 5651 cit,
907 5593 939 5655 p.
962 5579 1030 5635 3110.
1054 5573 1247 5635 Praesertim
1269 5574 1297 5635 J.
1323 5573 1461 5650 Parisoi,
1485 5572 1530 5635 Le
1547 5573 1628 5634 livre
1651 5571 1708 5634 des

112 5669 218 5733 Perea
233 5668 289 5752 (La
305 5668 436 5733 Science
449 5669 642 5753 catholiquc,
659 5692 691 5732 n.
709 5676 726 5732 5
742 5676 817 5745 616,
835 5669 979 5745 Parisiis,
998 5675 1097 5751 1890).
