4108 6458
352 508 411 567 698
672 556 678 572 .
876 502 1120 569 PRAEFATIO
1141 543 1180 553 -
1203 505 1342 570 CAPUT
1365 506 1421 570 lll.

427 694 518 763 Cum
544 689 667 788 itaque
687 717 731 763 ex
759 706 879 766 mente
905 706 984 766 tum
1011 707 1201 767 auctorum
1225 695 1457 793 antiquorum
1480 710 1557 769 tum
1582 697 1824 771 recentiorum
1850 723 1946 771 mors

354 822 594 897 SaSimeonis
614 849 687 897 non
707 837 790 898 ante
813 850 948 898 annum
965 827 1036 899 339
1056 852 1123 900 666
1139 828 1235 901 ultra
1256 854 1391 902 annum
1408 830 1480 901 345
1501 830 1689 917 acciderit,
1708 831 1754 903 ad
1771 857 1848 904 rem
1864 831 1946 903 illu-

355 955 541 1031 strandam
571 955 740 1031 addimus
767 958 928 1032 tabulam
961 959 1200 1034 terminorum
1226 961 1453 1060 paschalium
1478 963 1623 1062 dieique
1656 964 1946 1038 Resurrectionis

356 1092 455 1163 iuxta
475 1087 736 1163 Kalendarium
758 1091 938 1164 lulianum
958 1118 1023 1192 pro
1043 1094 1149 1167 annis
1168 1095 1342 1168 338-345.

733 1378 836 1429 ANNO
1285 1334 1289 1407 1

588 1495 977 1522 W
1077 1489 1204 1538 166111.
1316 1503 1722 1544 nnnrnrcnnssuanscrrnnrs·

602 1587 784 1627 nniscouuu.
851 1590 962 1630 nanim.

659 1777 718 1835 649
874 1779 934 1836 338
1026 1778 1063 1835 21
1086 1773 1194 1835 Martii
1420 1780 1458 1836 26
1483 1774 1591 1838 Martii

659 1881 719 1942 650
875 1885 934 1943 339
1046 1887 1065 1941 9
1086 1880 1207 1963 Aprilis
1423 1886 1458 1943 13
1480 1881 1601 1964 Aprilis

658 1992 715 2049 651
875 1991 934 2050 340
1025 1994 1065 2050 29
1086 1986 1194 2050 Martii
1420 1995 1459 2052 30
1480 1988 1586 2051 Martii

659 2100 718 2157 652
875 2100 932 2157 341
1029 2101 1064 2158 17
1085 2094 1207 2178 Aprilis
1423 2101 1459 2158 19
1480 2095 1601 2179 Aprilis

661 2206 719 2264 653
876 2206 934 2264 342
1047 2207 1065 2264 5
1085 2201 1207 2284 Aprilis
1422 2209 1456 2264 11
1480 2202 1600 2285 Aprilis

659 2313 717 2371 654
876 2314 934 2372 343
1027 2312 1065 2371 25
1087 2308 1195 2370 Martii
1421 2314 1458 2370 27
1480 2308 1588 2370 Martii

660 2422 719 2479 655
876 2420 935 2477 344
1030 2421 1066 2478 13
1087 2414 1209 2498 Aprilis
1424 2421 1458 2477 15
1480 2414 1601 2498 Aprilis

661 2528 721 2586 656
877 2527 935 2585 345
1049 2526 1065 2582 2
1089 2521 1210 2604 Aprilis
1442 2527 1459 2584 7
1481 2521 1603 2605 Aprilis

437 2826 528 2895 Tres
548 2821 662 2921 igitur
686 2817 785 2901 anni,
805 2818 858 2891 uti
880 2816 1037 2905 videtur,
1065 2816 1270 2889 condicioni
1292 2816 1478 2916 expositae
1499 2818 1735 2915 respondent,

438 2955 509 3027 652
534 2956 755 3027 Graecorum
779 2952 847 3023 341
870 2950 943 3023 Dm
962 2953 1063 3022 Luna
1086 2951 1193 3022 1417
1215 2949 1370 3048 Aprilis,
1393 2951 1501 3022 Dom.
1525 2952 1612 3025 Res.
1640 2952 1854 3050 19616166

437 3089 509 3161 654
607 3131 656 3140 -
779 3085 849 3156 343
886 3127 936 3139 -
985 3126 1034 3138 -
1146 3083 1335 3156 tartarei
1414 3127 1462 3138 —-
1536 3128 1586 3138 —
1635 3087 1681 3158 27
1702 3086 1839 3171 Martii3

437 3222 508 3292 655
608 3262 655 3273 -
780 3217 850 3288 344
890 3259 938 3270 -
987 3259 1036 3270 -
1150 3218 1193 3288 13
1214 3216 1352 3315 Aprilis
1418 3259 1466 3271 —
1541 3263 1590 3272 —-
1642 3221 1685 3290 15
1706 3219 1852 3318 Aprilis

440 3452 587 3524 Annum
602 3451 670 3522 341
701 3447 895 3521 Assemani
925 3446 1059 3545 elegit'
1078 3447 1192 3519 frctus
1216 3447 1432 3521 auctoritate
1459 3449 1551 3521 Cod.
1570 3452 1654 3522 l'at.
1678 3449 1762 3548 Syri
1790 3450 1869 3533 160,
1892 3445 1945 3545 qui

369 3585 514 3658 initium
529 3581 797 3682 persecutionis
816 3605 911 3654 anuo
926 3582 969 3653 31
987 3581 1138 3680 Saporis
1152 3580 1315 3675 (339140)
1331 3580 1449 3678 ponit.
1468 3583 1559 3653 Cum
1573 3606 1660 3655 vero
1675 3607 1794 3655 annus
1810 3579 1947 3680 Saporis

370 3717 507 3816 339140
522 3717 595 3789 Dat
616 3716 676 3802 sit,
699 3740 772 3788 non
791 3738 877 3786 vero
898 3715 982 3799 341,
1005 3715 1052 3786 ad
1073 3713 1324 3786 difficultatem
1347 3713 1594 3812 cllugicndam
1613 3716 1807 3788 Assemani
1827 3715 1878 3788 sic
1895 3737 1948 3784 ra·

369 3850 592 3923 tiocinatur:
617 3851 720 3920 16616
735 3847 907 3920 Codiccm
922 3849 1006 3920 Vat.
1028 3850 1112 3947 Syr.
1134 3848 1199 3921 161
1227 3871 1326 3920 mors
1348 3847 1533 3921 Simeonis
1553 3848 1682 3921 eodem
1705 3874 1802 3922 anno
1824 3846 1946 3929 evenit,
2032 3850 2033 3857 ’

370 4008 441 4081 quo
456 3987 571 4055 caedes
587 4007 714 4074 maqna
727 3992 926 4079 martyrum
942 3980 979 4051 in
993 3980 1139 4053 civitate
1154 3980 1459 4053 Karka-d-Ledan
1469 3995 1678 4079 perpetrata
1694 3995 1764 4070 est,
1783 3983 1819 4054 in
1835 3980 1948 4056 codice

370 4130 489 4189 autem
506 4115 710 4213 antiquiore
727 4126 880 4187 eventus
894 4114 963 4186 iste
975 4138 1070 4186 anno
1085 4114 1132 4185 32
1148 4114 1297 4211 Saporis
1313 4114 1636 4213 (340111ρο61166,
1654 4115 1751 4189 unde
1767 4111 1949 4188 Assemaui

369 4247 555 4323 concludit
577 4247 792 4346 martyrium
819 4246 1001 4320 Simeonis
1030 4271 1126 4319 anno
1150 4248 1219 4318 341
1247 4246 1439 4320 accidisse.
1459 4248 1600 4345 lneptia
1618 4247 1733 4320 totius
1754 4243 1949 4347 argumenti

370 4382 562 4454 manifesta
576 4393 645 4452 661.
658 4380 851 4453 Assemani
868 4380 964 4452 enim
979 4379 1256 4479 chronologiam
1269 4379 1423 4458 duarum
1440 4381 1695 4454 recensionum
1711 4394 1838 4455 contra
1853 4381 1905 4452 ius
1919 4389 1949 4449 61

370 4515 425 4587 166
437 4525 646 4615 permutare
661 4514 820 4612 cogitur,
835 4526 875 4585 ut
890 4513 1146 4586 conclusiones
1158 4539 1246 4586 suas
1258 4512 1422 4586 stabilire
1434 4514 1565 4612 possit.
1583 4517 1609 4586 E
1627 4514 1753 4587 codice
1768 4517 1851 4588 161.
1867 4517 1949 4611 Syro

375 4648 443 4720 160
457 4647 617 4720 desumit
630 4672 765 4720 annum
779 4650 889 4720 caedis
903 4671 1048 4739 6169666
1064 4659 1131 4720 616
1147 4646 1274 4720 codice
1291 4647 1470 4720 Vaticano
1488 4652 1581 4747 Syro
1599 4649 1663 4720 161
1682 4649 1813 4745 probat
1827 4666 1950 4719 annum

372 4781 495 4853 caedis
512 4805 669 4879 maguae
689 4780 845 4854 eundem
859 4805 954 4865 6666,
973 4805 1045 4877 quo
1059 4783 1097 4853 S.
1115 4781 1263 4853 Simeon
1279 4781 1494 4879 martyrium
1516 4780 1641 4854 subiit.
1660 4775 1950 4879 inconsequentia

373 5036 442 5101 dr'er
464 5038 607 5099 decimus
628 5040 760 5120 quintus
779 5049 872 5099 nocte
891 5050 923 5098 61
940 5036 992 5099 die
1007 5060 1081 5099 ana.
1106 5036 1165 5100 Ilic
1183 5038 1285 5121 igitur
1305 5038 1482 5100 Parasceve
1501 5038 1586 5099 idem
1606 5048 1655 5101 est
1674 5057 1711 5101 ac
1732 5039 1801 5101 dies
1820 5036 1949 5100 decimus

367 5145 509 5229 quintus
527 5144 584 5206 llis
599 5153 706 5206 tamen
721 5144 827 5205 verbis
843 5164 1025 5227 repugnare
1036 5144 1195 5217 videntur,
1211 5166 1291 5228 quae
1306 5145 1337 5206 in
1351 5144 1413 5206 666
1426 5144 1518 5207 Dem.
1532 5145 1682 5208 observat
1699 5167 1706 5206 ε
1724 5138 1947 5209 111616111-

367 5253 666 5314 111111616666111
689 5250 728 5312 de
747 5251 871 5312 11661616
890 5264 1009 5333 quarto
1029 5250 1081 5313 die
1099 5251 1303 5313 solummodo
1324 5272 1527 5330 curaremur,
1545 5272 1609 5313 nan
1634 5264 1743 5314 autem
1767 5251 1807 5314 de
1828 5264 1950 5311 conane·

368 5358 479 5420 tudine
497 5357 591 5437 1166111
610 5360 785 5439 quotannis
804 5355 996 5418 celebrandi
1008 5378 1019 5417 .·
1031 5358 1182 5439 placeret
1199 5359 1292 5419 nabis
1312 5360 1534 5440 rrn'nacnnquc
1556 5361 1676 5420 mensis
1698 5357 1781 5419 diem
1804 5356 1945 5419 decimum

367 5480 522 5550 quartam
547 5465 718 5525 observare
738 5475 768 5524 et
782 5466 938 5543 cuiusque
958 5461 1184 5525 hebdomadae
1202 5485 1408 5546 parasceven
1429 5465 1578 5548 lugere...
1605 5464 1708 5548 Igitur
1726 5472 1828 5527 semet
1845 5461 1881 5523 iis
1898 5476 1948 5537 op·

367 5573 468 5657 ponit,
490 5570 545 5655 qui
572 5568 666 5631 moda
685 5567 1038 5651 quartodecimanorum
1060 5571 1119 5632 soli
1144 5570 1207 5631 diei
1226 5571 1328 5633 lunari
1356 5576 1416 5633 14³⁰
1441 5571 1591 5633 insistunt
1616 5583 1646 5634 et
1666 5590 1853 5656 parasceves
1874 5564 1944 5627 diem
2032 5598 2033 5601 =

370 5680 553 5763 negligunt,
579 5696 636 5737 nec
652 5685 758 5737 tamen
774 5685 911 5738 mentem
926 5698 1016 5738 snam
1032 5678 1211 5741 accuratius
1224 5679 1384 5761 exprimit.
2032 5662 2033 5675 ¹

434 5788 443 5825 ⁴
464 5786 512 5848 St.
529 5782 566 5845 E.
581 5782 760 5857 Assemaui,
776 5804 828 5865 op.
845 5787 910 5862 611,
928 5794 951 5846 t.
970 5784 993 5859 l,
1010 5806 1042 5868 p.
1060 5807 1141 5847 cxxv
1155 5807 1203 5869 sq.
