4108 6458
360 539 417 603 DE
439 537 542 604 VITA
564 540 618 604 ET
642 541 836 607 SCRlPTlS
862 544 896 606 S.
925 543 1128 609 SIMEONlS
1150 544 1236 607 ΒΑΗ
1258 542 1445 611 ὃΑΒΒΑἙ.
1648 558 1706 615 663

105 728 280 827 loquendi
301 729 409 802 huius
437 729 576 816 Pesitto
601 731 761 818 novisse,
786 756 894 805 secus
915 731 976 805 vix
996 732 1251 832 explicaretur,
1282 760 1346 807 cur
1374 736 1602 836 neglexisset
1625 752 1702 812 ter-

104 863 224 936 minos
239 861 470 962 theologicos
491 862 716 961 aptissime,
731 889 823 963 quos
840 865 876 937 in
892 865 1133 939 translatione
1150 867 1293 966 syriaca
1307 870 1455 942 Veteris
1475 873 1699 945 Testamenti

104 1008 253 1095 praesto
284 995 511 1068 habuissct¹.
541 997 827 1095 supponendum
857 997 970 1097 igitur
998 999 1067 1073 erit
1094 1000 1376 1074 communitates
1405 1002 1487 1074 illas
1522 1004 1717 1102 syriacas„

106 1153 200 1228 qnae
225 1143 272 1218 τῷ
292 1135 509 1227 Διατεσσίιρων
528 1127 737 1213 utebantur,
755 1130 902 1204 demum
923 1143 1087 1229 tempore
1106 1132 1311 1232 posteriore
1328 1134 1468 1224 Petitto
1488 1136 1696 1235 adoptasse.

108 1261 265 1356 Quando
284 1275 320 1336 et
340 1288 361 1335 a
381 1262 514 1361 quibus
536 1262 743 1361 acceperint
768 1263 1003 1361 quaestiones
1026 1277 1111 1338 sunt
1131 1264 1376 1340 difficillimae.
1403 1268 1442 1341 Si
1466 1281 1589 1341 tamen
1614 1295 1699 1369 per-

108 1395 290 1493 pendatur
309 1395 450 1485 Pesitto
463 1420 483 1468 e
498 1407 599 1469 textu
615 1395 785 1469 hebraico
802 1397 1020 1470 translatam
1035 1423 1130 1487 esse,
1146 1398 1335 1498 probabile
1350 1413 1406 1473 est
1420 1402 1698 1476 translationem

105 1528 198 1601 banc
225 1541 288 1602 aut
315 1554 337 1601 a
363 1528 508 1601 ludaeis
540 1540 603 1600 aut
631 1554 652 1601 a
681 1528 1031 1603 ludaeocbristianis
1058 1530 1095 1603 in
1120 1531 1401 1606 communitates
1425 1534 1698 1609 ethnico-chri-

103 1660 244 1734 stianas
268 1660 513 1734 introductam
537 1686 629 1734 esse.
658 1663 710 1734 Re
733 1687 820 1735 vera
843 1675 928 1736 sunt
950 1662 1072 1762 aliqua
1093 1663 1239 1751 indicia,
1256 1689 1350 1763 quae
1374 1667 1530 1740 suadent
1554 1680 1699 1765 praeter

103 1793 383 1867 communitates
401 1793 649 1867 occidentales
675 1794 1058 1869 ethnico-christianas
1078 1796 1115 1869 in
1139 1811 1242 1896 parte
1262 1798 1480 1873 occidentali
1502 1813 1538 1872 et
1555 1814 1698 1898 septen·

103 1925 250 1999 trionali
276 1926 563 2025 Mesopotamiae
584 1927 805 2001 constitutas
824 1928 915 2000 alias
942 1929 1222 2004 communitates
1247 1931 1474 2005 iudaizantes
1494 1933 1693 2018 exstitisse,

103 2084 196 2158 quae
224 2084 297 2133 non
325 2060 444 2133 solum
470 2059 609 2150 Positto
638 2059 874 2161 divulgasse,
899 2063 965 2135 sed
998 2075 1035 2135 ct
1064 2063 1178 2136 multa
1210 2065 1317 2163 signa
1349 2065 1505 2164 originis
1532 2065 1697 2139 iudaicae

101 2217 188 2291 prae
212 2218 253 2266 se
279 2192 372 2266 ferre
394 2192 577 2266 videntur.
603 2195 746 2265 Nomen
773 2193 893 2292 ipsum
916 2195 1210 2293 antiquissimum
1238 2196 1531 2271 Christianorum
1561 2199 1597 2270 in
1625 2201 1698 2272 Me·

101 2326 304 2424 sopotamia
330 2325 543 2425 degentium
565 2328 664 2420 etp«
687 2328 862 2399 Nazaraei
880 2353 898 2397 t
917 2340 986 2401 est.
1006 2331 1083 2401 Hoc
1103 2353 1167 2402 cos
1188 2330 1334 2403 nomine
1356 2328 1590 2428 appellabant
1611 2335 1695 2404 Per·

100 2481 176 2544 sae,
200 2471 241 2529 nt
260 2459 354 2531 Acta
375 2460 576 2557 Martyrum
596 2472 793 2546 testantur,
812 2458 922 2533 immo
941 2474 1068 2533 auctor
1083 2463 1260 2535 Actorum
1281 2463 1431 2561 Saporis
1451 2464 1614 2562 episcopi
1632 2466 1698 2537 Bet

101 2589 254 2663 Nikator
272 2572 374 2663 urbis
393 2590 519 2664 scribit
541 2621 549 2663 :
574 2624 591 2658 «
612 2599 713 2666 Anno
734 2596 907 2687 trigesimo
926 2598 1064 2688 imperii
1084 2598 1233 2690 Saporis,
1261 2599 1352 2689 regia
1375 2599 1535 2677 Persidis,
1556 2623 1698 2669 occesse-

98 2736 180 2795 runt
200 2726 270 2796 ciri
292 2729 388 2817 mogi
405 2727 655 2798 calumniantes
676 2727 907 2799 Nazaraeos².
932 2757 949 2793 »
977 2727 1055 2798 Etsi
1075 2726 1144 2800 hoc
1164 2728 1311 2801 nomine
1330 2727 1521 2801 christiani
1541 2754 1698 2828 genera-

101 2855 167 2928 tim
187 2855 443 2956 designantur,
461 2857 663 2955 antiquitns
683 2872 805 2931 tamen
821 2844 1150 2933 iudeocbristianos
1170 2860 1209 2933 id
1224 2860 1456 2960 significasse
1477 2875 1604 2935 notum
1624 2875 1692 2935 est.

171 2991 272 3062 lnter
290 2989 439 3063 nomina
458 2990 726 3089 cpiscoporum,
752 2991 814 3089 qni
835 3004 998 3090 tempore
1020 2993 1170 3092 Saporis
1185 2994 1402 3091 martyrium
1423 2994 1615 3068 subierunt
1638 2995 1695 3067 in·

98 3121 268 3195 venimus
291 3146 423 3195 nomen
441 3152 553 3201 tam
567 3123 730 3222 episcopi
749 3124 851 3197 urbis
865 3126 1025 3224 Hnayta,
1047 3127 1108 3223 qui
1125 3151 1221 3198 anno
1237 3128 1282 3199 37
1298 3128 1567 3226 persecutionis
1584 3131 1696 3225 Sapo-

102 3253 154 3326 ris
169 3253 316 3328 occisus
330 3257 422 3328 cst³.
438 3258 577 3329 Nomen
595 3256 664 3329 boc
680 3281 724 3330 ex
745 3277 807 3325 aas
830 3270 866 3330 et
881 3279 961 3331 anu
976 3258 1218 3356 compositum
1235 3272 1304 3344 est,
1319 3273 1355 3332 et
1375 3260 1453 3333 sine
1472 3259 1583 3332 dubio
1599 3259 1695 3332 idem

103 3386 289 3484 significat
306 3412 348 3486 ac
361 3416 486 3475 tantan,
505 3414 600 3461 unus
612 3382 872 3488 'episcoporum
889 3390 1254 3464 Karka-dssetSlok
1266 3395 1292 3462 ⁴.
1311 3393 1457 3466 Etenim
1475 3415 1555 3466 unu
1574 3393 1611 3465 in
1625 3419 1695 3465 usu

102 3518 277 3617 loquendi
296 3519 513 3594 ludaeorum
535 3520 839 3620 babylonensium
860 3525 977 3595 Deum
998 3523 1195 3623 significat.
1215 3526 1448 3624 Computatio
1470 3526 1611 3599 dierum
1635 3551 1696 3599 se·

101 3652 260 3725 cundum
284 3677 429 3727 menses
453 3654 601 3728 lunares
621 3680 714 3752 quae
737 3656 774 3727 in
792 3656 951 3753 antiquis
976 3656 1161 3755 martyriis
1181 3658 1384 3731 communis
1408 3672 1476 3745 est,
1498 3644 1695 3758 prostratio

100 3784 278 3858 orientem
306 3811 435 3876 versus
471 3786 655 3872 facienda,
687 3788 817 3860 modus
851 3813 923 3886 quo
955 3790 1139 3862 Gustazad
1167 3803 1319 3889 peccata
1352 3816 1418 3863 sua
1451 3791 1571 3889 luget,
1602 3817 1694 3887 quae

99 3918 222 3990 omnia
241 3918 279 3990 in
303 3919 478 4017 martyrio
504 3922 542 3994 S.
573 3921 754 3993 Simeonis
780 3921 1000 4010 reseruntur,
1019 3921 1183 3995 iudaicae
1207 3923 1492 3997 consuetudines
1512 3923 1691 3996 redolent.

100 4050 335 4137 Cbiliasmns,
360 4077 468 4149 quem
485 4053 691 4152 Apbraates
713 4054 941 4151 prolitetur³,
964 4054 1131 4128 doctrina
1152 4059 1189 4129 S.
1217 4056 1412 4156 prraemi
1433 4057 1477 4129 de
1498 4069 1595 4129 statu
1621 4056 1695 4129 ani·

98 4208 240 4256 marum
255 4209 275 4255 a
290 4197 406 4257 morte
427 4211 542 4284 nsque
564 4185 610 4257 ad
627 4186 802 4260 iudicium
816 4187 1022 4273 nltimnm⁰,
1040 4187 1230 4262 doctrinae
1250 4189 1415 4263 iudaicae
1436 4203 1531 4262 sunt.
1553 4189 1693 4286 Quodsi

159 4406 167 4440 ¹
186 4404 309 4467 Exinde
324 4406 470 4468 concludi
481 4427 577 4489 posse
591 4407 718 4470 videtur
728 4418 889 4472 auctorem
901 4430 979 4471 usus
994 4409 1144 4492 loquendi
1152 4410 1246 4471 huius
1259 4409 1444 4494 theologici,
1457 4412 1523 4473 sive
1540 4409 1694 4473 Tatianns

99 4511 202 4585 luerit,
220 4511 287 4574 sive
298 4532 373 4587 non,
390 4512 469 4574 nibil
484 4534 653 4576 commune
669 4535 741 4576 cum
760 4515 916 4599 gnosticis
933 4515 1024 4598 Syris
1039 4515 1201 4578 habuisse.
1217 4516 1337 4579 Saltem
1352 4516 1452 4579 altera
1467 4518 1624 4580 sententia
1639 4538 1693 4598 sy-

101 4618 197 4691 riaca,
212 4638 310 4702 quam
328 4618 362 4680 S.
379 4618 528 4683 Irenaeus
547 4642 586 4683 ex
600 4620 733 4705 liturgia
752 4620 983 4684 blarcosiorum
998 4623 1184 4685 transcribit
1204 4622 1456 4706 redemptionem
1471 4623 1583 4685 eodem
1599 4623 1692 4686 modo

101 4734 196 4807 atque
204 4722 327 4802 Petitto
337 4725 498 4810 exprimit.
510 4725 566 4793 W.
576 4725 697 4811 Wigan
708 4727 844 4810 Harvey,
856 4727 972 4790 Sancti
981 4728 1115 4790 Irenaci
1122 4732 1268 4811 episcopi
1273 4728 1504 4814 Lugdunensis
1515 4730 1592 4793 libri
1600 4733 1692 4812 quiit-

99 4851 160 4912 que
178 4832 338 4894 adversus
356 4833 497 4911 hereses,
514 4842 537 4895 t.
560 4833 584 4908 l,
603 4833 842 4918 Cantabrigiae‚
862 4838 948 4908 1867,
962 4854 994 4918 p.
1013 4838 1071 4896 183
1086 4854 1176 4918 seqq.
1195 4834 1298 4897 Haer.
1314 4834 1370 4898 lib.
1397 4835 1421 4912 l,
1439 4857 1509 4919 cap.
1528 4858 1592 4913 xiv,
1610 4857 1641 4898 n.
1660 4842 1690 4898 2.

156 4938 169 4975 ²
187 4937 221 4998 Ρ.
238 4937 372 5022 Bedjan,
388 4936 473 5001 Acta
487 4953 673 5022 martyrum
688 4954 720 5002 et
733 4952 933 5018 cunctorum,
952 4949 975 5002 t.
992 4939 1032 5013 ll,
1048 4940 1186 5023 Lipsiae,
1206 4947 1293 5018 1891,
1308 4963 1340 5025 p.
1356 4949 1405 5004 55.
1423 4942 1547 5005 Similia
1562 4942 1691 5006 conclu-

98 5041 143 5104 dit
159 5043 291 5127 Lipsius
314 5065 354 5107 ex
376 5046 466 5108 Actis
491 5046 719 5129 Apostolorum
743 5046 935 5129 apocryphis
958 5046 991 5107 in
1015 5066 1113 5130 opero
1137 5069 1144 5110 :
1168 5047 1230 5110 Die
1253 5046 1475 5132 Apocryplzen
1500 5048 1691 5132 rlpostelge·

96 5151 269 5229 scirit-litere,
288 5151 552 5236 Braunschweig,
572 5158 658 5229 1883,
676 5154 700 5228 l,
716 5174 747 5236 p.
762 5159 813 5228 30,
829 5158 879 5216 33.

155 5256 266 5318 ³ltid.
282 5263 340 5320 361
357 5278 427 5341 sqq.
445 5258 512 5321 Clr.
530 5259 600 5341 tls,
618 5281 649 5322 n.
667 5266 715 5338 23,
733 5259 788 5322 ubi
802 5281 856 5330 tm
867 5259 974 5321 Iesum
991 5260 1163 5343 significat.

155 5378 167 5400 ⁴
182 5363 266 5425 Ibid.
282 5368 339 5424 512
353 5383 401 5446 sq.

156 5469 367 5532 ³Demonstr.
383 5492 418 5545 n,
439 5475 485 5532 14.

155 5576 167 5613 ⁸
185 5575 226 5638 G.
242 5575 375 5649 Bicltell‚
393 5577 427 5640 S.
444 5576 622 5660 Epitraimi
638 5578 718 5658 Syri
734 5582 884 5641 carmina
904 5579 1073 5658 Nist'bcnm
1093 5579 1233 5662 Lipsiae,
1256 5585 1343 5656 1866,
1360 5601 1436 5666 pag.
1457 5588 1496 5643 26
1513 5602 1561 5665 sq.
1578 5604 1620 5651 tx..
1637 5601 1687 5670 ³1⁰⁸

101 5679 133 5742 S.
149 5680 323 5765 Ephracmi
342 5682 411 5745 sine
427 5682 523 5745 dubio
542 5683 626 5746 idern
648 5694 708 5759 est,
725 5685 809 5767 quod
832 5685 939 5747 ludaei
960 5703 1033 5751 nun
1055 5702 1110 5753 tur
1128 5711 1142 5744 «
1159 5688 1357 5771 marsupium
1376 5689 1458 5751 vitae
1480 5716 1494 5743 n
1515 5688 1688 5772 appellant,

100 5786 151 5849 ubi
170 5790 297 5851 animae
317 5787 469 5852 iudicium
485 5800 681 5875 exspectant.
