<?xml version="1.0" encoding="UTF-8"?>
<!DOCTYPE html PUBLIC "-//W3C//DTD XHTML 1.0 Transitional//EN"
    "http://www.w3.org/TR/xhtml1/DTD/xhtml1-transitional.dtd">
<html xmlns="http://www.w3.org/1999/xhtml" xml:lang="en" lang="en">
 <head>
  <title>
</title>
<meta http-equiv="Content-Type" content="text/html;charset=utf-8" />
  <meta name='ocr-system' content='tesseract 3.04.00' />
  <meta name='ocr-capabilities' content='ocr_page ocr_carea ocr_par ocr_line ocrx_word'/>
</head>
<body>
  <div class='ocr_page' id='page_1' title='image "./patrologiasyria02grafgoog_0245.png"; bbox 0 0 4120 6458; ppageno 0'>
   <div class='ocr_carea' id='block_1_1' title="bbox 273 520 1725 599">
    <p class='ocr_par' dir='ltr' id='par_1_1' title="bbox 273 520 1725 599">
     <span class='ocr_line' id='line_1_1' title="bbox 273 520 1725 599; baseline 0.001 -12"><span class='ocrx_word' id='word_1_1' title='bbox 273 522 553 587; x_wconf 81' lang='lat' dir='ltr'>SCRIPTORUM</span> <span class='ocrx_word' id='word_1_2' title='bbox 576 520 843 587; x_wconf 76' lang='lat' dir='ltr'><strong>TESTIMONIA</strong></span> <span class='ocrx_word' id='word_1_3' title='bbox 866 525 922 588; x_wconf 84' lang='lat' dir='ltr'><strong><em>DE</em></strong></span> <span class='ocrx_word' id='word_1_4' title='bbox 946 521 1217 589; x_wconf 76' lang='lat' dir='ltr'><strong><em>Banncsauts</em></strong></span> <span class='ocrx_word' id='word_1_5' title='bbox 1238 523 1353 599; x_wconf 77' lang='lat' dir='ltr'><strong><em>VITA,</em></strong></span> <span class='ocrx_word' id='word_1_6' title='bbox 1378 525 1583 590; x_wconf 83' lang='lat' dir='ltr'>SCRIPTIS.</span> <span class='ocrx_word' id='word_1_7' title='bbox 1667 533 1725 590; x_wconf 88' lang='grc'><strong><em>516</em></strong></span> 
     </span>
    </p>
   </div>
   <div class='ocr_carea' id='block_1_2' title="bbox 127 704 1725 1041">
    <p class='ocr_par' dir='ltr' id='par_1_2' title="bbox 127 704 1725 1041">
     <span class='ocr_line' id='line_1_2' title="bbox 198 704 1725 798; baseline 0.003 -23"><span class='ocrx_word' id='word_1_8' title='bbox 198 704 233 775; x_wconf 93' lang='grc'><strong><em>6.</em></strong></span> <span class='ocrx_word' id='word_1_9' title='bbox 256 708 411 775; x_wconf 80' lang='lat' dir='ltr'><strong><em>Dicemus</em></strong></span> <span class='ocrx_word' id='word_1_10' title='bbox 434 705 545 775; x_wconf 86' lang='lat' dir='ltr'><strong><em>adbuc</em></strong></span> <span class='ocrx_word' id='word_1_11' title='bbox 562 731 572 776; x_wconf 91' lang='lat'><strong><em>.·</em></strong></span> <span class='ocrx_word' id='word_1_12' title='bbox 589 729 740 798; x_wconf 83' lang='lat' dir='ltr'><strong><em>quanam</em></strong></span> <span class='ocrx_word' id='word_1_13' title='bbox 760 707 800 775; x_wconf 92' lang='lat' dir='ltr'><strong><em>dc</em></strong></span> <span class='ocrx_word' id='word_1_14' title='bbox 819 729 924 777; x_wconf 88' lang='lat' dir='ltr'><strong><em>causa</em></strong></span> <span class='ocrx_word' id='word_1_15' title='bbox 947 730 1017 777; x_wconf 90' lang='lat' dir='ltr'><strong><em>sese</em></strong></span> <span class='ocrx_word' id='word_1_16' title='bbox 1041 717 1216 777; x_wconf 87' lang='lat' dir='ltr'><strong><em>moverunt</em></strong></span> <span class='ocrx_word' id='word_1_17' title='bbox 1235 710 1328 777; x_wconf 91' lang='lat' dir='ltr'><strong><em>entia</em></strong></span> <span class='ocrx_word' id='word_1_18' title='bbox 1348 718 1385 777; x_wconf 92' lang='lat' dir='ltr'><strong><em>ut</em></strong></span> <span class='ocrx_word' id='word_1_19' title='bbox 1404 706 1725 779; x_wconf 77' lang='lat' dir='ltr'><em>commiscerentur?</em></span> 
     </span>
     <span class='ocr_line' id='line_1_3' title="bbox 127 837 1724 924; baseline 0.002 -16"><span class='ocrx_word' id='word_1_20' title='bbox 127 838 162 908; x_wconf 88' lang='lat' dir='ltr'><strong><em>Si</em></strong></span> <span class='ocrx_word' id='word_1_21' title='bbox 186 838 272 907; x_wconf 85' lang='lat' dir='ltr'><strong><em>dicet</em></strong></span> <span class='ocrx_word' id='word_1_22' title='bbox 295 864 305 907; x_wconf 88' lang='lat'><strong><em>.·</em></strong></span> <span class='ocrx_word' id='word_1_23' title='bbox 330 839 420 909; x_wconf 88' lang='lat' dir='ltr'><strong><em>Casu</em></strong></span> <span class='ocrx_word' id='word_1_24' title='bbox 449 840 532 908; x_wconf 89' lang='lat' dir='ltr'><strong><em>moti</em></strong></span> <span class='ocrx_word' id='word_1_25' title='bbox 554 849 654 923; x_wconf 91' lang='lat' dir='ltr'><strong><em>sunt,·</em></strong></span> <span class='ocrx_word' id='word_1_26' title='bbox 674 840 823 910; x_wconf 89' lang='lat' dir='ltr'><strong><em>dicemus</em></strong></span> <span class='ocrx_word' id='word_1_27' title='bbox 844 866 854 909; x_wconf 84' lang='grc'><strong><em>.·</em></strong></span> <span class='ocrx_word' id='word_1_28' title='bbox 876 841 935 910; x_wconf 92' lang='lat' dir='ltr'><strong><em>ubi</em></strong></span> <span class='ocrx_word' id='word_1_29' title='bbox 958 851 1007 910; x_wconf 89' lang='lat' dir='ltr'><strong><em>est</em></strong></span> <span class='ocrx_word' id='word_1_30' title='bbox 1032 844 1120 911; x_wconf 91' lang='lat' dir='ltr'><strong><em>Deus</em></strong></span> <span class='ocrx_word' id='word_1_31' title='bbox 1146 837 1379 911; x_wconf 80' lang='lat' dir='ltr'><strong><em>universatis?</em></strong></span> <span class='ocrx_word' id='word_1_32' title='bbox 1402 842 1640 924; x_wconf 85' lang='lat' dir='ltr'><strong><em>Annibitatur,</em></strong></span> <span class='ocrx_word' id='word_1_33' title='bbox 1665 866 1724 911; x_wconf 91' lang='lat' dir='ltr'><strong><em>nee</em></strong></span> 
     </span>
     <span class='ocr_line' id='line_1_4' title="bbox 127 972 371 1041; baseline 0 -2"><span class='ocrx_word' id='word_1_34' title='bbox 127 974 194 1040; x_wconf 91' lang='lat' dir='ltr'><strong><em>iam</em></strong></span> <span class='ocrx_word' id='word_1_35' title='bbox 214 972 334 1041; x_wconf 83' lang='lat' dir='ltr'><strong><em>escistit</em></strong></span> <span class='ocrx_word' id='word_1_36' title='bbox 347 973 371 1039; x_wconf 84' lang='lat'><strong><em>⁴.</em></strong></span> 
     </span>
    </p>
   </div>
   <div class='ocr_carea' id='block_1_3' title="bbox 197 1166 1722 1262">
    <p class='ocr_par' dir='ltr' id='par_1_3' title="bbox 197 1166 1722 1262">
     <span class='ocr_line' id='line_1_5' title="bbox 197 1166 1722 1262; baseline 0.003 -25"><span class='ocrx_word' id='word_1_37' title='bbox 197 1166 232 1237; x_wconf 84' lang='lat'><strong><em>7.</em></strong></span> <span class='ocrx_word' id='word_1_38' title='bbox 258 1171 415 1239; x_wconf 75' lang='lat' dir='ltr'><strong><em>Dicemus</em></strong></span> <span class='ocrx_word' id='word_1_39' title='bbox 443 1168 554 1238; x_wconf 90' lang='lat' dir='ltr'><strong><em>adbuc</em></strong></span> <span class='ocrx_word' id='word_1_40' title='bbox 580 1194 591 1237; x_wconf 88' lang='grc'><strong><em>.·</em></strong></span> <span class='ocrx_word' id='word_1_41' title='bbox 616 1168 786 1260; x_wconf 81' lang='lat' dir='ltr'><em>quodnam</em></span> <span class='ocrx_word' id='word_1_42' title='bbox 815 1192 861 1238; x_wconf 78' lang='lat' dir='ltr'><strong><em>ecc</em></strong></span> <span class='ocrx_word' id='word_1_43' title='bbox 889 1170 942 1240; x_wconf 86' lang='lat' dir='ltr'><strong><em>bis</em></strong></span> <span class='ocrx_word' id='word_1_44' title='bbox 964 1170 1097 1239; x_wconf 79' lang='lat' dir='ltr'><strong><em>entibus</em></strong></span> <span class='ocrx_word' id='word_1_45' title='bbox 1128 1181 1254 1240; x_wconf 91' lang='lat' dir='ltr'><strong><em>motum</em></strong></span> <span class='ocrx_word' id='word_1_46' title='bbox 1272 1181 1321 1240; x_wconf 91' lang='lat' dir='ltr'><strong><em>est</em></strong></span> <span class='ocrx_word' id='word_1_47' title='bbox 1347 1167 1527 1262; x_wconf 76' lang='lat' dir='ltr'><strong><em>primum?</em></strong></span> <span class='ocrx_word' id='word_1_48' title='bbox 1545 1172 1585 1241; x_wconf 87' lang='lat' dir='ltr'><strong><em>Si</em></strong></span> <span class='ocrx_word' id='word_1_49' title='bbox 1602 1183 1722 1241; x_wconf 91' lang='lat' dir='ltr'><strong><em>ventus</em></strong></span> 
     </span>
    </p>
   </div>
   <div class='ocr_carea' id='block_1_4' title="bbox 15 1302 1723 1394">
    <p class='ocr_par' dir='ltr' id='par_1_4' title="bbox 15 1302 1723 1394">
     <span class='ocr_line' id='line_1_6' title="bbox 15 1302 1723 1394; baseline 0.002 -24"><span class='ocrx_word' id='word_1_50' title='bbox 15 1332 16 1339; x_wconf 45' lang='lat'>¹</span> <span class='ocrx_word' id='word_1_51' title='bbox 127 1311 232 1370; x_wconf 88' lang='lat' dir='ltr'><strong><em>motus</em></strong></span> <span class='ocrx_word' id='word_1_52' title='bbox 251 1312 300 1371; x_wconf 91' lang='lat' dir='ltr'><strong><em>est</em></strong></span> <span class='ocrx_word' id='word_1_53' title='bbox 312 1302 450 1394; x_wconf 91' lang='lat' dir='ltr'><strong><em>primus</em></strong></span> <span class='ocrx_word' id='word_1_54' title='bbox 469 1312 499 1372; x_wconf 94' lang='lat' dir='ltr'><strong><em>et</em></strong></span> <span class='ocrx_word' id='word_1_55' title='bbox 519 1302 679 1372; x_wconf 89' lang='lat' dir='ltr'><strong><em>transivit</em></strong></span> <span class='ocrx_word' id='word_1_56' title='bbox 697 1303 771 1371; x_wconf 83' lang='lat' dir='ltr'><strong><em>abia</em></strong></span> <span class='ocrx_word' id='word_1_57' title='bbox 789 1303 883 1373; x_wconf 86' lang='lat' dir='ltr'><strong><em>entia</em></strong></span> <span class='ocrx_word' id='word_1_58' title='bbox 902 1313 933 1373; x_wconf 91' lang='lat' dir='ltr'><strong><em>et</em></strong></span> <span class='ocrx_word' id='word_1_59' title='bbox 951 1325 1020 1372; x_wconf 90' lang='lat' dir='ltr'><strong><em>sese</em></strong></span> <span class='ocrx_word' id='word_1_60' title='bbox 1041 1304 1177 1373; x_wconf 75' lang='lat' dir='ltr'><strong><em>miscuit</em></strong></span> <span class='ocrx_word' id='word_1_61' title='bbox 1196 1304 1279 1387; x_wconf 83' lang='lat' dir='ltr'><strong><em>iilis,</em></strong></span> <span class='ocrx_word' id='word_1_62' title='bbox 1300 1327 1361 1372; x_wconf 93' lang='lat' dir='ltr'><strong><em>cur</em></strong></span> <span class='ocrx_word' id='word_1_63' title='bbox 1380 1327 1448 1372; x_wconf 90' lang='lat' dir='ltr'><strong><em>non</em></strong></span> <span class='ocrx_word' id='word_1_64' title='bbox 1468 1304 1571 1373; x_wconf 86' lang='lat' dir='ltr'><strong><em>mavit</em></strong></span> <span class='ocrx_word' id='word_1_65' title='bbox 1589 1327 1624 1373; x_wconf 90' lang='lat' dir='ltr'><strong><em>se</em></strong></span> <span class='ocrx_word' id='word_1_66' title='bbox 1642 1314 1723 1376; x_wconf 90' lang='lat' dir='ltr'><strong><em>ante</em></strong></span> 
     </span>
    </p>
   </div>
   <div class='ocr_carea' id='block_1_5' title="bbox 15 1424 1722 1535">
    <p class='ocr_par' dir='ltr' id='par_1_5' title="bbox 15 1424 1722 1535">
     <span class='ocr_line' id='line_1_7' title="bbox 15 1424 1722 1535; baseline 0.003 -32"><span class='ocrx_word' id='word_1_67' title='bbox 15 1424 16 1459; x_wconf 66' lang='lat'><strong>³</strong></span> <span class='ocrx_word' id='word_1_68' title='bbox 123 1434 243 1525; x_wconf 81' lang='lat' dir='ltr'><strong><em>sociem</em></strong></span> <span class='ocrx_word' id='word_1_69' title='bbox 269 1458 368 1504; x_wconf 91' lang='lat' dir='ltr'><strong><em>suam</em></strong></span> <span class='ocrx_word' id='word_1_70' title='bbox 395 1446 511 1505; x_wconf 89' lang='lat' dir='ltr'><strong><em>contra</em></strong></span> <span class='ocrx_word' id='word_1_71' title='bbox 541 1435 655 1505; x_wconf 83' lang='lat' dir='ltr'><strong><em>iumen</em></strong></span> <span class='ocrx_word' id='word_1_72' title='bbox 681 1435 769 1528; x_wconf 83' lang='lat' dir='ltr'><strong><em>quod</em></strong></span> <span class='ocrx_word' id='word_1_73' title='bbox 797 1436 834 1504; x_wconf 92' lang='lat' dir='ltr'><strong><em>in</em></strong></span> <span class='ocrx_word' id='word_1_74' title='bbox 863 1437 990 1505; x_wconf 91' lang='lat' dir='ltr'><strong><em>oriente</em></strong></span> <span class='ocrx_word' id='word_1_75' title='bbox 1019 1437 1190 1535; x_wconf 89' lang='lat' dir='ltr'><strong><em>manebat,</em></strong></span> <span class='ocrx_word' id='word_1_76' title='bbox 1221 1436 1279 1505; x_wconf 90' lang='lat' dir='ltr'><strong><em>sed</em></strong></span> <span class='ocrx_word' id='word_1_77' title='bbox 1308 1437 1464 1506; x_wconf 82' lang='lat' dir='ltr'><strong><em>circuivit</em></strong></span> <span class='ocrx_word' id='word_1_78' title='bbox 1493 1449 1637 1507; x_wconf 80' lang='lat' dir='ltr'><strong><em>tortuose</em></strong></span> <span class='ocrx_word' id='word_1_79' title='bbox 1659 1461 1722 1530; x_wconf 91' lang='lat' dir='ltr'><strong><em>per</em></strong></span> 
     </span>
    </p>
   </div>
   <div class='ocr_carea' id='block_1_6' title="bbox 124 1567 1624 1662">
    <p class='ocr_par' dir='ltr' id='par_1_6' title="bbox 124 1567 1624 1662">
     <span class='ocr_line' id='line_1_8' title="bbox 124 1567 1624 1662; baseline 0.003 -27"><span class='ocrx_word' id='word_1_80' title='bbox 124 1591 229 1660; x_wconf 75' lang='lat' dir='ltr'><strong><em>aquas</em></strong></span> <span class='ocrx_word' id='word_1_81' title='bbox 249 1568 286 1636; x_wconf 89' lang='lat' dir='ltr'><strong><em>in</em></strong></span> <span class='ocrx_word' id='word_1_82' title='bbox 305 1570 529 1660; x_wconf 83' lang='lat' dir='ltr'><strong><em>septentrione</em></strong></span> <span class='ocrx_word' id='word_1_83' title='bbox 547 1579 578 1638; x_wconf 92' lang='lat' dir='ltr'><strong><em>et</em></strong></span> <span class='ocrx_word' id='word_1_84' title='bbox 597 1569 711 1660; x_wconf 79' lang='lat' dir='ltr'><strong><em>ipnem</em></strong></span> <span class='ocrx_word' id='word_1_85' title='bbox 731 1570 769 1638; x_wconf 91' lang='lat' dir='ltr'><strong><em>in</em></strong></span> <span class='ocrx_word' id='word_1_86' title='bbox 789 1570 930 1639; x_wconf 86' lang='lat' dir='ltr'><strong><em>meridie</em></strong></span> <span class='ocrx_word' id='word_1_87' title='bbox 948 1581 986 1639; x_wconf 90' lang='lat' dir='ltr'><strong><em>ut</em></strong></span> <span class='ocrx_word' id='word_1_88' title='bbox 999 1572 1193 1662; x_wconf 89' lang='lat' dir='ltr'><strong><em>perueniret</em></strong></span> <span class='ocrx_word' id='word_1_89' title='bbox 1211 1570 1257 1639; x_wconf 92' lang='lat' dir='ltr'><strong><em>ad</em></strong></span> <span class='ocrx_word' id='word_1_90' title='bbox 1276 1571 1391 1640; x_wconf 87' lang='lat' dir='ltr'><strong><em>tumen</em></strong></span> <span class='ocrx_word' id='word_1_91' title='bbox 1411 1573 1448 1640; x_wconf 91' lang='lat' dir='ltr'><strong><em>in</em></strong></span> <span class='ocrx_word' id='word_1_92' title='bbox 1467 1567 1624 1641; x_wconf 84' lang='lat' dir='ltr'><strong><em>oriente?</em></strong></span> 
     </span>
    </p>
   </div>
   <div class='ocr_carea' id='block_1_7' title="bbox 194 1763 1719 1857">
    <p class='ocr_par' dir='ltr' id='par_1_7' title="bbox 194 1763 1719 1857">
     <span class='ocr_line' id='line_1_9' title="bbox 194 1763 1719 1857; baseline 0.003 -25"><span class='ocrx_word' id='word_1_93' title='bbox 194 1763 229 1832; x_wconf 86' lang='lat'><strong><em>8.</em></strong></span> <span class='ocrx_word' id='word_1_94' title='bbox 251 1764 407 1833; x_wconf 84' lang='lat' dir='ltr'><strong><em>Dicemus</em></strong></span> <span class='ocrx_word' id='word_1_95' title='bbox 426 1765 538 1834; x_wconf 76' lang='lat' dir='ltr'><strong><em>actbuc</em></strong></span> <span class='ocrx_word' id='word_1_96' title='bbox 553 1790 565 1835; x_wconf 84' lang='grc'><strong><em>.·</em></strong></span> <span class='ocrx_word' id='word_1_97' title='bbox 581 1766 614 1835; x_wconf 91' lang='lat' dir='ltr'><strong><em>si</em></strong></span> <span class='ocrx_word' id='word_1_98' title='bbox 632 1768 725 1835; x_wconf 88' lang='lat' dir='ltr'><strong><em>entia</em></strong></span> <span class='ocrx_word' id='word_1_99' title='bbox 737 1776 914 1857; x_wconf 91' lang='lat' dir='ltr'><strong><em>ponuntur</em></strong></span> <span class='ocrx_word' id='word_1_100' title='bbox 939 1766 1032 1856; x_wconf 79' lang='lat' dir='ltr'><strong><em>infra</em></strong></span> <span class='ocrx_word' id='word_1_101' title='bbox 1051 1766 1105 1835; x_wconf 85' lang='lat' dir='ltr'><strong><em>uei</em></strong></span> <span class='ocrx_word' id='word_1_102' title='bbox 1124 1789 1230 1857; x_wconf 89' lang='lat' dir='ltr'><strong><em>supra</em></strong></span> <span class='ocrx_word' id='word_1_103' title='bbox 1249 1766 1352 1836; x_wconf 81' lang='lat' dir='ltr'><strong><em>iuncta</em></strong></span> <span class='ocrx_word' id='word_1_104' title='bbox 1372 1766 1540 1835; x_wconf 78' lang='lat' dir='ltr'><strong><em>levitatem</em></strong></span> <span class='ocrx_word' id='word_1_105' title='bbox 1558 1766 1611 1836; x_wconf 83' lang='lat' dir='ltr'><strong><em>vel</em></strong></span> <span class='ocrx_word' id='word_1_106' title='bbox 1623 1789 1719 1836; x_wconf 87' lang='lat' dir='ltr'><strong><em>cras-</em></strong></span> 
     </span>
    </p>
   </div>
   <div class='ocr_carea' id='block_1_8' title="bbox 15 1897 1718 1991">
    <p class='ocr_par' dir='ltr' id='par_1_8' title="bbox 15 1897 1718 1991">
     <span class='ocr_line' id='line_1_10' title="bbox 15 1897 1718 1991; baseline 0.002 -28"><span class='ocrx_word' id='word_1_107' title='bbox 15 1960 16 1963; x_wconf 63' lang='lat'><strong><em>,</em></strong></span> <span class='ocrx_word' id='word_1_108' title='bbox 121 1897 304 1967; x_wconf 86' lang='lat' dir='ltr'><strong><em>situdinem</em></strong></span> <span class='ocrx_word' id='word_1_109' title='bbox 329 1908 602 1968; x_wconf 83' lang='lat' dir='ltr'><strong><em>naturaesuae:</em></strong></span> <span class='ocrx_word' id='word_1_110' title='bbox 628 1899 743 1969; x_wconf 87' lang='lat' dir='ltr'><strong><em>tumen</em></strong></span> <span class='ocrx_word' id='word_1_111' title='bbox 762 1898 890 1968; x_wconf 84' lang='lat' dir='ltr'><strong><em>seilicet</em></strong></span> <span class='ocrx_word' id='word_1_112' title='bbox 913 1899 951 1968; x_wconf 91' lang='lat' dir='ltr'><strong><em>in</em></strong></span> <span class='ocrx_word' id='word_1_113' title='bbox 979 1900 1105 1979; x_wconf 85' lang='lat' dir='ltr'><strong><em>altum,</em></strong></span> <span class='ocrx_word' id='word_1_114' title='bbox 1131 1900 1284 1968; x_wconf 86' lang='lat' dir='ltr'><strong><em>tenebrae</em></strong></span> <span class='ocrx_word' id='word_1_115' title='bbox 1303 1899 1341 1968; x_wconf 90' lang='lat' dir='ltr'><strong><em>in</em></strong></span> <span class='ocrx_word' id='word_1_116' title='bbox 1362 1900 1572 1991; x_wconf 69' lang='lat' dir='ltr'><strong><em>profundum</em></strong></span> <span class='ocrx_word' id='word_1_117' title='bbox 1595 1910 1626 1968; x_wconf 91' lang='lat' dir='ltr'><strong><em>et</em></strong></span> <span class='ocrx_word' id='word_1_118' title='bbox 1645 1900 1718 1968; x_wconf 87' lang='lat' dir='ltr'><strong><em>alia</em></strong></span> 
     </span>
    </p>
   </div>
   <div class='ocr_carea' id='block_1_9' title="bbox 15 2032 1718 2123">
    <p class='ocr_par' dir='ltr' id='par_1_9' title="bbox 15 2032 1718 2123">
     <span class='ocr_line' id='line_1_11' title="bbox 15 2032 1718 2123; baseline 0.001 -24"><span class='ocrx_word' id='word_1_119' title='bbox 15 2042 16 2079; x_wconf 55' lang='lat' dir='ltr'><strong><em>i</em></strong></span> <span class='ocrx_word' id='word_1_120' title='bbox 123 2053 227 2099; x_wconf 89' lang='lat' dir='ltr'><strong><em>unum</em></strong></span> <span class='ocrx_word' id='word_1_121' title='bbox 251 2054 357 2123; x_wconf 89' lang='lat' dir='ltr'><strong><em>supra</em></strong></span> <span class='ocrx_word' id='word_1_122' title='bbox 380 2032 490 2101; x_wconf 87' lang='lat' dir='ltr'><strong><em>atium</em></strong></span> <span class='ocrx_word' id='word_1_123' title='bbox 515 2033 605 2101; x_wconf 89' lang='lat' dir='ltr'><strong><em>inter</em></strong></span> <span class='ocrx_word' id='word_1_124' title='bbox 629 2033 743 2102; x_wconf 87' lang='lat' dir='ltr'><strong><em>tumen</em></strong></span> <span class='ocrx_word' id='word_1_125' title='bbox 767 2043 798 2102; x_wconf 90' lang='lat' dir='ltr'><strong><em>et</em></strong></span> <span class='ocrx_word' id='word_1_126' title='bbox 821 2032 989 2114; x_wconf 87' lang='lat' dir='ltr'><strong><em>tenebras,</em></strong></span> <span class='ocrx_word' id='word_1_127' title='bbox 1012 2032 1174 2123; x_wconf 81' lang='lat' dir='ltr'><strong><em>quomodo</em></strong></span> <span class='ocrx_word' id='word_1_128' title='bbox 1197 2032 1363 2102; x_wconf 81' lang='lat' dir='ltr'><strong><em>dissoluta</em></strong></span> <span class='ocrx_word' id='word_1_129' title='bbox 1386 2043 1467 2102; x_wconf 90' lang='lat' dir='ltr'><strong><em>sant</em></strong></span> <span class='ocrx_word' id='word_1_130' title='bbox 1490 2032 1582 2102; x_wconf 88' lang='lat' dir='ltr'><strong><em>entia</em></strong></span> <span class='ocrx_word' id='word_1_131' title='bbox 1606 2032 1718 2103; x_wconf 89' lang='lat' dir='ltr'><strong><em>media</em></strong></span> 
     </span>
    </p>
   </div>
   <div class='ocr_carea' id='block_1_10' title="bbox 114 2165 1719 3191">
    <p class='ocr_par' dir='ltr' id='par_1_10' title="bbox 114 2165 1719 2924">
     <span class='ocr_line' id='line_1_12' title="bbox 121 2165 1718 2257; baseline 0.001 -25"><span class='ocrx_word' id='word_1_132' title='bbox 121 2165 168 2232; x_wconf 90' lang='lat' dir='ltr'><strong><em>itu</em></strong></span> <span class='ocrx_word' id='word_1_133' title='bbox 189 2174 227 2233; x_wconf 92' lang='lat' dir='ltr'><strong><em>ut</em></strong></span> <span class='ocrx_word' id='word_1_134' title='bbox 250 2165 403 2234; x_wconf 84' lang='lat' dir='ltr'><strong><em>tenebrae</em></strong></span> <span class='ocrx_word' id='word_1_135' title='bbox 421 2165 641 2234; x_wconf 88' lang='lat' dir='ltr'><strong><em>ascenderent</em></strong></span> <span class='ocrx_word' id='word_1_136' title='bbox 659 2176 691 2234; x_wconf 90' lang='lat' dir='ltr'><strong><em>et</em></strong></span> <span class='ocrx_word' id='word_1_137' title='bbox 709 2165 931 2235; x_wconf 88' lang='lat' dir='ltr'><strong><em>miscerentur</em></strong></span> <span class='ocrx_word' id='word_1_138' title='bbox 949 2188 1025 2234; x_wconf 90' lang='lat' dir='ltr'><strong><em>cum</em></strong></span> <span class='ocrx_word' id='word_1_139' title='bbox 1048 2166 1178 2234; x_wconf 85' lang='lat' dir='ltr'><strong><em>lumine</em></strong></span> <span class='ocrx_word' id='word_1_140' title='bbox 1196 2177 1228 2235; x_wconf 90' lang='lat' dir='ltr'><strong><em>et</em></strong></span> <span class='ocrx_word' id='word_1_141' title='bbox 1251 2165 1412 2257; x_wconf 74' lang='lat' dir='ltr'><strong><em>utromodo</em></strong></span> <span class='ocrx_word' id='word_1_142' title='bbox 1437 2166 1566 2247; x_wconf 87' lang='lat' dir='ltr'><strong><em>tumen,</em></strong></span> <span class='ocrx_word' id='word_1_143' title='bbox 1590 2175 1718 2234; x_wconf 87' lang='lat' dir='ltr'><strong><em>natura</em></strong></span> 
     </span>
     <span class='ocr_line' id='line_1_13' title="bbox 119 2271 1719 2391; baseline 0.003 -27"><span class='ocrx_word' id='word_1_144' title='bbox 119 2319 179 2366; x_wconf 87' lang='lat' dir='ltr'><strong><em>suo</em></strong></span> <span class='ocrx_word' id='word_1_145' title='bbox 207 2297 277 2366; x_wconf 89' lang='lat' dir='ltr'><strong><em>teve</em></strong></span> <span class='ocrx_word' id='word_1_146' title='bbox 299 2298 470 2367; x_wconf 88' lang='lat' dir='ltr'><strong><em>descendit</em></strong></span> <span class='ocrx_word' id='word_1_147' title='bbox 492 2309 523 2367; x_wconf 91' lang='lat' dir='ltr'><strong><em>et</em></strong></span> <span class='ocrx_word' id='word_1_148' title='bbox 545 2321 615 2368; x_wconf 92' lang='lat' dir='ltr'><strong><em>sese</em></strong></span> <span class='ocrx_word' id='word_1_149' title='bbox 638 2299 775 2368; x_wconf 86' lang='lat' dir='ltr'><strong><em>miscuit</em></strong></span> <span class='ocrx_word' id='word_1_150' title='bbox 798 2271 1031 2368; x_wconf 84' lang='lat' dir='ltr'><strong><em>sumentibus</em></strong></span> <span class='ocrx_word' id='word_1_151' title='bbox 1056 2295 1296 2368; x_wconf 81' lang='lat' dir='ltr'><strong><em>densioribus?</em></strong></span> <span class='ocrx_word' id='word_1_152' title='bbox 1314 2301 1357 2367; x_wconf 84' lang='lat' dir='ltr'><strong><em>Et</em></strong></span> <span class='ocrx_word' id='word_1_153' title='bbox 1381 2298 1542 2391; x_wconf 80' lang='lat' dir='ltr'><strong><em>quomodo</em></strong></span> <span class='ocrx_word' id='word_1_154' title='bbox 1566 2299 1719 2368; x_wconf 84' lang='lat' dir='ltr'><strong><em>tenebrae</em></strong></span> 
     </span>
     <span class='ocr_line' id='line_1_14' title="bbox 118 2428 1718 2524; baseline 0 -26"><span class='ocrx_word' id='word_1_155' title='bbox 118 2453 237 2520; x_wconf 82' lang='lat' dir='ltr'><strong><em>pruses</em></strong></span> <span class='ocrx_word' id='word_1_156' title='bbox 251 2441 437 2522; x_wconf 88' lang='lat' dir='ltr'><strong><em>potuerunt</em></strong></span> <span class='ocrx_word' id='word_1_157' title='bbox 454 2432 632 2501; x_wconf 86' lang='lat' dir='ltr'><strong><em>ascendere</em></strong></span> <span class='ocrx_word' id='word_1_158' title='bbox 650 2433 695 2501; x_wconf 92' lang='lat' dir='ltr'><strong><em>ad</em></strong></span> <span class='ocrx_word' id='word_1_159' title='bbox 711 2428 854 2501; x_wconf 74' lang='lat' dir='ltr'><strong><em>tumen?</em></strong></span> <span class='ocrx_word' id='word_1_160' title='bbox 876 2435 968 2501; x_wconf 78' lang='lat' dir='ltr'><strong><em>Tunc</em></strong></span> <span class='ocrx_word' id='word_1_161' title='bbox 983 2432 1202 2501; x_wconf 86' lang='lat' dir='ltr'><strong><em>damnandus</em></strong></span> <span class='ocrx_word' id='word_1_162' title='bbox 1221 2441 1269 2500; x_wconf 90' lang='lat' dir='ltr'><strong><em>est</em></strong></span> <span class='ocrx_word' id='word_1_163' title='bbox 1287 2441 1417 2501; x_wconf 89' lang='lat' dir='ltr'><strong><em>creator</em></strong></span> <span class='ocrx_word' id='word_1_164' title='bbox 1435 2434 1495 2524; x_wconf 86' lang='lat' dir='ltr'><strong><em>qui</em></strong></span> <span class='ocrx_word' id='word_1_165' title='bbox 1514 2454 1581 2500; x_wconf 93' lang='lat' dir='ltr'><strong><em>non</em></strong></span> <span class='ocrx_word' id='word_1_166' title='bbox 1595 2431 1718 2523; x_wconf 86' lang='lat' dir='ltr'><strong><em>probi-</em></strong></span> 
     </span>
     <span class='ocr_line' id='line_1_15' title="bbox 119 2563 1719 2657; baseline 0.001 -26"><span class='ocrx_word' id='word_1_167' title='bbox 119 2563 189 2632; x_wconf 87' lang='lat' dir='ltr'><strong><em>buit</em></strong></span> <span class='ocrx_word' id='word_1_168' title='bbox 213 2564 306 2633; x_wconf 90' lang='lat' dir='ltr'><strong><em>entia</em></strong></span> <span class='ocrx_word' id='word_1_169' title='bbox 320 2587 413 2656; x_wconf 92' lang='lat' dir='ltr'><strong><em>pura</em></strong></span> <span class='ocrx_word' id='word_1_170' title='bbox 433 2588 474 2634; x_wconf 91' lang='lat' dir='ltr'><strong><em>ne</em></strong></span> <span class='ocrx_word' id='word_1_171' title='bbox 492 2565 727 2635; x_wconf 83' lang='lat' dir='ltr'><strong><em>descenderent</em></strong></span> <span class='ocrx_word' id='word_1_172' title='bbox 744 2575 776 2634; x_wconf 94' lang='lat' dir='ltr'><strong><em>et</em></strong></span> <span class='ocrx_word' id='word_1_173' title='bbox 789 2589 853 2656; x_wconf 91' lang='lat' dir='ltr'><strong><em>per</em></strong></span> <span class='ocrx_word' id='word_1_174' title='bbox 876 2565 940 2634; x_wconf 86' lang='lat' dir='ltr'><strong><em>itta</em></strong></span> <span class='ocrx_word' id='word_1_175' title='bbox 964 2565 1181 2635; x_wconf 85' lang='lat' dir='ltr'><strong><em>ascenderent</em></strong></span> <span class='ocrx_word' id='word_1_176' title='bbox 1201 2565 1366 2634; x_wconf 89' lang='lat' dir='ltr'><strong><em>tenebrae.</em></strong></span> <span class='ocrx_word' id='word_1_177' title='bbox 1388 2567 1476 2634; x_wconf 91' lang='lat' dir='ltr'><strong><em>Num</em></strong></span> <span class='ocrx_word' id='word_1_178' title='bbox 1496 2564 1560 2634; x_wconf 85' lang='lat' dir='ltr'><strong><em>itia</em></strong></span> <span class='ocrx_word' id='word_1_179' title='bbox 1577 2570 1719 2657; x_wconf 79' lang='lat' dir='ltr'><strong><em>suerunt</em></strong></span> 
     </span>
     <span class='ocr_line' id='line_1_16' title="bbox 114 2696 1713 2790; baseline 0.001 -26"><span class='ocrx_word' id='word_1_180' title='bbox 114 2696 214 2788; x_wconf 86' lang='lat' dir='ltr'><strong><em>pedes</em></strong></span> <span class='ocrx_word' id='word_1_181' title='bbox 232 2698 371 2789; x_wconf 82' lang='lat' dir='ltr'><strong><em>quidam</em></strong></span> <span class='ocrx_word' id='word_1_182' title='bbox 388 2699 532 2768; x_wconf 88' lang='lat' dir='ltr'><strong><em>tenebris</em></strong></span> <span class='ocrx_word' id='word_1_183' title='bbox 551 2699 807 2769; x_wconf 89' lang='lat' dir='ltr'><strong><em>ascendentibus</em></strong></span> <span class='ocrx_word' id='word_1_184' title='bbox 821 2700 867 2769; x_wconf 90' lang='lat' dir='ltr'><strong><em>ad</em></strong></span> <span class='ocrx_word' id='word_1_185' title='bbox 884 2700 1009 2781; x_wconf 89' lang='lat' dir='ltr'><strong><em>tumen,</em></strong></span> <span class='ocrx_word' id='word_1_186' title='bbox 1025 2710 1067 2781; x_wconf 90' lang='lat' dir='ltr'><strong><em>et,</em></strong></span> <span class='ocrx_word' id='word_1_187' title='bbox 1091 2701 1180 2769; x_wconf 89' lang='lat' dir='ltr'><strong><em>sieut</em></strong></span> <span class='ocrx_word' id='word_1_188' title='bbox 1195 2699 1329 2789; x_wconf 77' lang='lat' dir='ltr'><strong><em>lipuum</em></strong></span> <span class='ocrx_word' id='word_1_189' title='bbox 1344 2699 1471 2768; x_wconf 90' lang='lat' dir='ltr'><strong><em>siccum</em></strong></span> <span class='ocrx_word' id='word_1_190' title='bbox 1485 2721 1547 2790; x_wconf 87' lang='lat' dir='ltr'><strong><em>pes</em></strong></span> <span class='ocrx_word' id='word_1_191' title='bbox 1559 2708 1607 2767; x_wconf 91' lang='lat' dir='ltr'><strong><em>est</em></strong></span> <span class='ocrx_word' id='word_1_192' title='bbox 1626 2698 1713 2789; x_wconf 76' lang='lat' dir='ltr'><strong><em>ipni,</em></strong></span> 
     </span>
     <span class='ocr_line' id='line_1_17' title="bbox 120 2831 1714 2924; baseline -0.001 -25"><span class='ocrx_word' id='word_1_193' title='bbox 120 2831 169 2899; x_wconf 89' lang='lat' dir='ltr'><strong><em>ito</em></strong></span> <span class='ocrx_word' id='word_1_194' title='bbox 188 2831 253 2900; x_wconf 88' lang='lat' dir='ltr'><strong><em>itta</em></strong></span> <span class='ocrx_word' id='word_1_195' title='bbox 272 2831 365 2901; x_wconf 88' lang='lat' dir='ltr'><strong><em>entia</em></strong></span> <span class='ocrx_word' id='word_1_196' title='bbox 380 2832 481 2922; x_wconf 88' lang='lat' dir='ltr'><strong><em>pedes</em></strong></span> <span class='ocrx_word' id='word_1_197' title='bbox 498 2837 640 2924; x_wconf 76' lang='lat' dir='ltr'><strong><em>scierunt</em></strong></span> <span class='ocrx_word' id='word_1_198' title='bbox 659 2833 802 2902; x_wconf 89' lang='lat' dir='ltr'><strong><em>tenebris</em></strong></span> <span class='ocrx_word' id='word_1_199' title='bbox 825 2844 863 2902; x_wconf 93' lang='lat' dir='ltr'><strong><em>ut</em></strong></span> <span class='ocrx_word' id='word_1_200' title='bbox 886 2843 1122 2902; x_wconf 89' lang='lat' dir='ltr'><strong><em>amoverentur</em></strong></span> <span class='ocrx_word' id='word_1_201' title='bbox 1140 2855 1162 2900; x_wconf 95' lang='lat' dir='ltr'><strong><em>a</em></strong></span> <span class='ocrx_word' id='word_1_202' title='bbox 1182 2832 1287 2902; x_wconf 83' lang='lat' dir='ltr'><strong><em>tatere</em></strong></span> <span class='ocrx_word' id='word_1_203' title='bbox 1304 2855 1365 2900; x_wconf 93' lang='lat' dir='ltr'><strong><em>suo</em></strong></span> <span class='ocrx_word' id='word_1_204' title='bbox 1388 2843 1420 2901; x_wconf 93' lang='lat' dir='ltr'><strong><em>et</em></strong></span> <span class='ocrx_word' id='word_1_205' title='bbox 1438 2856 1459 2900; x_wconf 93' lang='lat' dir='ltr'><strong><em>a</em></strong></span> <span class='ocrx_word' id='word_1_206' title='bbox 1480 2831 1615 2922; x_wconf 78' lang='lat' dir='ltr'><strong><em>cepione</em></strong></span> <span class='ocrx_word' id='word_1_207' title='bbox 1637 2853 1714 2899; x_wconf 90' lang='lat' dir='ltr'><strong><em>suu.</em></strong></span> 
     </span>
    </p>

    <p class='ocr_par' dir='ltr' id='par_1_11' title="bbox 121 2964 1718 3191">
     <span class='ocr_line' id='line_1_18' title="bbox 192 2964 1718 3056; baseline -0.001 -22"><span class='ocrx_word' id='word_1_208' title='bbox 192 2968 289 3034; x_wconf 90' lang='lat' dir='ltr'><strong><em>Patet</em></strong></span> <span class='ocrx_word' id='word_1_209' title='bbox 317 2988 396 3056; x_wconf 73' lang='lat' dir='ltr'><strong><em>erpa</em></strong></span> <span class='ocrx_word' id='word_1_210' title='bbox 423 2989 469 3035; x_wconf 83' lang='lat' dir='ltr'><strong><em>en</em></strong></span> <span class='ocrx_word' id='word_1_211' title='bbox 502 2966 555 3036; x_wconf 89' lang='lat' dir='ltr'><strong><em>bis</em></strong></span> <span class='ocrx_word' id='word_1_212' title='bbox 578 2966 733 3035; x_wconf 89' lang='lat' dir='ltr'><strong><em>omnibus</em></strong></span> <span class='ocrx_word' id='word_1_213' title='bbox 753 2966 918 3035; x_wconf 89' lang='lat' dir='ltr'><strong><em>mundum</em></strong></span> <span class='ocrx_word' id='word_1_214' title='bbox 939 2966 1040 3036; x_wconf 83' lang='lat' dir='ltr'><strong><em>ilium</em></strong></span> <span class='ocrx_word' id='word_1_215' title='bbox 1068 2989 1134 3035; x_wconf 89' lang='lat' dir='ltr'><strong><em>nou</em></strong></span> <span class='ocrx_word' id='word_1_216' title='bbox 1158 2988 1229 3035; x_wconf 89' lang='lat' dir='ltr'><strong><em>esse</em></strong></span> <span class='ocrx_word' id='word_1_217' title='bbox 1247 2967 1466 3035; x_wconf 90' lang='lat' dir='ltr'><strong><em>coustitutum</em></strong></span> <span class='ocrx_word' id='word_1_218' title='bbox 1485 2989 1531 3033; x_wconf 85' lang='lat' dir='ltr'><strong><em>ev</em></strong></span> <span class='ocrx_word' id='word_1_219' title='bbox 1549 2964 1718 3033; x_wconf 79' lang='lat' dir='ltr'><strong><em>commis·-</em></strong></span> 
     </span>
     <span class='ocr_line' id='line_1_19' title="bbox 121 3098 1028 3191; baseline 0.002 -26"><span class='ocrx_word' id='word_1_220' title='bbox 121 3098 209 3166; x_wconf 89' lang='lat' dir='ltr'><strong><em>tione</em></strong></span> <span class='ocrx_word' id='word_1_221' title='bbox 224 3099 373 3191; x_wconf 80' lang='lat' dir='ltr'><strong><em>quinque</em></strong></span> <span class='ocrx_word' id='word_1_222' title='bbox 391 3100 533 3181; x_wconf 89' lang='lat' dir='ltr'><strong><em>entium,</em></strong></span> <span class='ocrx_word' id='word_1_223' title='bbox 559 3110 596 3168; x_wconf 90' lang='lat' dir='ltr'><strong><em>ut</em></strong></span> <span class='ocrx_word' id='word_1_224' title='bbox 614 3098 783 3170; x_wconf 89' lang='lat' dir='ltr'><strong><em>insanivit</em></strong></span> <span class='ocrx_word' id='word_1_225' title='bbox 801 3098 1028 3169; x_wconf 75' lang='lat' dir='ltr'><strong><em>bardesanes.</em></strong></span> 
     </span>
    </p>
   </div>
   <div class='ocr_carea' id='block_1_11' title="bbox 122 3279 1716 3503">
    <p class='ocr_par' dir='ltr' id='par_1_12' title="bbox 122 3279 1716 3503">
     <span class='ocr_line' id='line_1_20' title="bbox 197 3279 1716 3382; baseline 0 -29"><span class='ocrx_word' id='word_1_226' title='bbox 197 3281 254 3354; x_wconf 86' lang='lat' dir='ltr'><strong><em>to.</em></strong></span> <span class='ocrx_word' id='word_1_227' title='bbox 277 3282 459 3355; x_wconf 84' lang='lat' dir='ltr'><strong><em>Praefatio</em></strong></span> <span class='ocrx_word' id='word_1_228' title='bbox 479 3283 658 3382; x_wconf 86' lang='lat' dir='ltr'><strong><em>quaedam</em></strong></span> <span class='ocrx_word' id='word_1_229' title='bbox 678 3282 824 3356; x_wconf 88' lang='lat' dir='ltr'><strong><em>arabica</em></strong></span> <span class='ocrx_word' id='word_1_230' title='bbox 844 3281 989 3356; x_wconf 92' lang='lat' dir='ltr'><strong><em>concilii</em></strong></span> <span class='ocrx_word' id='word_1_231' title='bbox 1011 3283 1175 3374; x_wconf 83' lang='lat' dir='ltr'><strong><em>Nisseni,</em></strong></span> <span class='ocrx_word' id='word_1_232' title='bbox 1195 3282 1241 3355; x_wconf 89' lang='lat' dir='ltr'><strong><em>ab</em></strong></span> <span class='ocrx_word' id='word_1_233' title='bbox 1261 3281 1471 3354; x_wconf 82' lang='lat' dir='ltr'><strong><em>Abrahamo</em></strong></span> <span class='ocrx_word' id='word_1_234' title='bbox 1497 3279 1716 3354; x_wconf 85' lang='lat' dir='ltr'><strong><em>Echellense</em></strong></span> 
     </span>
     <span class='ocr_line' id='line_1_21' title="bbox 122 3413 1663 3503; baseline -0.002 -16"><span class='ocrx_word' id='word_1_235' title='bbox 122 3415 300 3489; x_wconf 88' lang='lat' dir='ltr'><strong><em>maronita</em></strong></span> <span class='ocrx_word' id='word_1_236' title='bbox 314 3415 426 3488; x_wconf 90' lang='lat' dir='ltr'><strong><em>latine</em></strong></span> <span class='ocrx_word' id='word_1_237' title='bbox 447 3441 636 3503; x_wconf 85' lang='lat' dir='ltr'><strong><em>conversa,</em></strong></span> <span class='ocrx_word' id='word_1_238' title='bbox 655 3417 820 3489; x_wconf 87' lang='lat' dir='ltr'><strong><em>diversas</em></strong></span> <span class='ocrx_word' id='word_1_239' title='bbox 840 3428 1018 3489; x_wconf 89' lang='lat' dir='ltr'><strong><em>memorat</em></strong></span> <span class='ocrx_word' id='word_1_240' title='bbox 1037 3428 1158 3488; x_wconf 87' lang='lat' dir='ltr'><strong><em>sectas</em></strong></span> <span class='ocrx_word' id='word_1_241' title='bbox 1169 3428 1205 3488; x_wconf 88' lang='lat' dir='ltr'><strong><em>et</em></strong></span> <span class='ocrx_word' id='word_1_242' title='bbox 1220 3414 1367 3487; x_wconf 89' lang='lat' dir='ltr'><strong><em>demum</em></strong></span> <span class='ocrx_word' id='word_1_243' title='bbox 1384 3414 1472 3487; x_wconf 87' lang='lat' dir='ltr'><strong><em>haec</em></strong></span> <span class='ocrx_word' id='word_1_244' title='bbox 1489 3413 1632 3486; x_wconf 76' lang='lat' dir='ltr'><strong><em>habet²</em></strong></span> <span class='ocrx_word' id='word_1_245' title='bbox 1656 3442 1663 3484; x_wconf 91' lang='lat'>:</span> 
     </span>
    </p>
   </div>
   <div class='ocr_carea' id='block_1_12' title="bbox 117 3588 1716 4422">
    <p class='ocr_par' dir='ltr' id='par_1_13' title="bbox 117 3588 1716 4422">
     <span class='ocr_line' id='line_1_22' title="bbox 158 3588 1716 3676; baseline -0.001 -23"><span class='ocrx_word' id='word_1_246' title='bbox 158 3592 290 3654; x_wconf 87' lang='lat' dir='ltr'><strong><em>Decima</em></strong></span> <span class='ocrx_word' id='word_1_247' title='bbox 316 3602 404 3655; x_wconf 89' lang='lat' dir='ltr'><strong><em>secta</em></strong></span> <span class='ocrx_word' id='word_1_248' title='bbox 432 3601 482 3655; x_wconf 87' lang='lat' dir='ltr'><strong><em>est</em></strong></span> <span class='ocrx_word' id='word_1_249' title='bbox 503 3588 737 3668; x_wconf 87' lang='lat' dir='ltr'><strong><em>Disanitarum,</em></strong></span> <span class='ocrx_word' id='word_1_250' title='bbox 761 3593 816 3676; x_wconf 89' lang='lat' dir='ltr'><strong><em>qui</em></strong></span> <span class='ocrx_word' id='word_1_251' title='bbox 840 3592 921 3655; x_wconf 89' lang='lat' dir='ltr'><strong><em>duos</em></strong></span> <span class='ocrx_word' id='word_1_252' title='bbox 949 3600 1057 3654; x_wconf 89' lang='lat' dir='ltr'><strong><em>tenent</em></strong></span> <span class='ocrx_word' id='word_1_253' title='bbox 1083 3611 1155 3655; x_wconf 89' lang='lat' dir='ltr'><strong><em>esse</em></strong></span> <span class='ocrx_word' id='word_1_254' title='bbox 1178 3590 1271 3666; x_wconf 90' lang='lat' dir='ltr'><strong><em>deos,</em></strong></span> <span class='ocrx_word' id='word_1_255' title='bbox 1292 3610 1390 3652; x_wconf 93' lang='lat' dir='ltr'><strong><em>unum</em></strong></span> <span class='ocrx_word' id='word_1_256' title='bbox 1415 3590 1553 3664; x_wconf 89' lang='lat' dir='ltr'><strong><em>bonum,</em></strong></span> <span class='ocrx_word' id='word_1_257' title='bbox 1581 3589 1716 3652; x_wconf 88' lang='lat' dir='ltr'><strong><em>alterum</em></strong></span> 
     </span>
     <span class='ocr_line' id='line_1_23' title="bbox 121 3696 1713 3783; baseline -0.003 -23"><span class='ocrx_word' id='word_1_258' title='bbox 121 3698 249 3774; x_wconf 83' lang='lat' dir='ltr'><strong><em>malum,</em></strong></span> <span class='ocrx_word' id='word_1_259' title='bbox 266 3699 298 3760; x_wconf 89' lang='lat' dir='ltr'><strong><em>in</em></strong></span> <span class='ocrx_word' id='word_1_260' title='bbox 313 3719 376 3782; x_wconf 91' lang='lat' dir='ltr'><strong><em>quo</em></strong></span> <span class='ocrx_word' id='word_1_261' title='bbox 390 3698 588 3762; x_wconf 76' lang='lat' dir='ltr'><strong><em>blanichseis</em></strong></span> <span class='ocrx_word' id='word_1_262' title='bbox 598 3708 784 3775; x_wconf 86' lang='lat' dir='ltr'><strong><em>consonant,</em></strong></span> <span class='ocrx_word' id='word_1_263' title='bbox 802 3698 1069 3783; x_wconf 85' lang='lat' dir='ltr'><strong><em>quemadmodum</em></strong></span> <span class='ocrx_word' id='word_1_264' title='bbox 1085 3698 1181 3761; x_wconf 91' lang='lat' dir='ltr'><strong><em>etiam</em></strong></span> <span class='ocrx_word' id='word_1_265' title='bbox 1197 3706 1228 3760; x_wconf 91' lang='lat' dir='ltr'><strong><em>et</em></strong></span> <span class='ocrx_word' id='word_1_266' title='bbox 1243 3698 1274 3759; x_wconf 90' lang='lat' dir='ltr'><strong><em>in</em></strong></span> <span class='ocrx_word' id='word_1_267' title='bbox 1289 3696 1434 3759; x_wconf 89' lang='lat' dir='ltr'><strong><em>terminis</em></strong></span> <span class='ocrx_word' id='word_1_268' title='bbox 1449 3697 1713 3779; x_wconf 88' lang='lat' dir='ltr'><strong><em>horoscoporum,</em></strong></span> 
     </span>
     <span class='ocr_line' id='line_1_24' title="bbox 120 3802 1715 3890; baseline -0.002 -23"><span class='ocrx_word' id='word_1_269' title='bbox 120 3807 277 3889; x_wconf 86' lang='lat' dir='ltr'><strong><em>computis</em></strong></span> <span class='ocrx_word' id='word_1_270' title='bbox 296 3806 508 3880; x_wconf 81' lang='lat' dir='ltr'><strong><em>nativitatum,</em></strong></span> <span class='ocrx_word' id='word_1_271' title='bbox 533 3815 704 3881; x_wconf 82' lang='lat' dir='ltr'><strong><em>astrorum,</em></strong></span> <span class='ocrx_word' id='word_1_272' title='bbox 731 3815 852 3890; x_wconf 87' lang='lat' dir='ltr'><strong><em>septem</em></strong></span> <span class='ocrx_word' id='word_1_273' title='bbox 874 3805 1084 3888; x_wconf 85' lang='lat' dir='ltr'><strong><em>planetarum,</em></strong></span> <span class='ocrx_word' id='word_1_274' title='bbox 1106 3815 1138 3868; x_wconf 90' lang='lat' dir='ltr'><strong><em>et</em></strong></span> <span class='ocrx_word' id='word_1_275' title='bbox 1157 3805 1324 3889; x_wconf 81' lang='lat' dir='ltr'><strong><em>signorum</em></strong></span> <span class='ocrx_word' id='word_1_276' title='bbox 1350 3802 1479 3866; x_wconf 88' lang='lat' dir='ltr'><strong><em>Zodisci</em></strong></span> <span class='ocrx_word' id='word_1_277' title='bbox 1500 3802 1679 3877; x_wconf 90' lang='lat' dir='ltr'><strong><em>duodecim,</em></strong></span> <span class='ocrx_word' id='word_1_278' title='bbox 1697 3823 1715 3864; x_wconf 91' lang='lat' dir='ltr'><strong><em>a</em></strong></span> 
     </span>
     <span class='ocr_line' id='line_1_25' title="bbox 120 3909 1716 3996; baseline 0.001 -27"><span class='ocrx_word' id='word_1_279' title='bbox 120 3911 234 3994; x_wconf 84' lang='lat' dir='ltr'><strong><em>quibus</em></strong></span> <span class='ocrx_word' id='word_1_280' title='bbox 258 3911 440 3974; x_wconf 80' lang='lat' dir='ltr'><strong><em>inferiorem</em></strong></span> <span class='ocrx_word' id='word_1_281' title='bbox 468 3912 552 3974; x_wconf 91' lang='lat' dir='ltr'><strong><em>hunc</em></strong></span> <span class='ocrx_word' id='word_1_282' title='bbox 581 3912 735 3975; x_wconf 92' lang='lat' dir='ltr'><strong><em>mundum</em></strong></span> <span class='ocrx_word' id='word_1_283' title='bbox 759 3914 830 3996; x_wconf 82' lang='lat' dir='ltr'><strong><em>regi</em></strong></span> <span class='ocrx_word' id='word_1_284' title='bbox 858 3920 1039 3988; x_wconf 87' lang='lat' dir='ltr'><strong><em>autumant,</em></strong></span> <span class='ocrx_word' id='word_1_285' title='bbox 1068 3920 1100 3973; x_wconf 88' lang='lat' dir='ltr'><strong><em>et</em></strong></span> <span class='ocrx_word' id='word_1_286' title='bbox 1123 3912 1267 3993; x_wconf 82' lang='lat' dir='ltr'><strong><em>regimen</em></strong></span> <span class='ocrx_word' id='word_1_287' title='bbox 1293 3909 1464 3982; x_wconf 82' lang='lat' dir='ltr'><strong><em>creaturis,</em></strong></span> <span class='ocrx_word' id='word_1_288' title='bbox 1486 3929 1567 3991; x_wconf 90' lang='lat' dir='ltr'><strong><em>quae</em></strong></span> <span class='ocrx_word' id='word_1_289' title='bbox 1593 3917 1716 3971; x_wconf 88' lang='lat' dir='ltr'><strong><em>rectore</em></strong></span> 
     </span>
     <span class='ocr_line' id='line_1_26' title="bbox 119 4014 1713 4103; baseline -0.003 -24"><span class='ocrx_word' id='word_1_290' title='bbox 119 4028 229 4101; x_wconf 83' lang='lat' dir='ltr'><strong><em>egent,</em></strong></span> <span class='ocrx_word' id='word_1_291' title='bbox 246 4018 399 4081; x_wconf 89' lang='lat' dir='ltr'><strong><em>tribuunt.</em></strong></span> <span class='ocrx_word' id='word_1_292' title='bbox 416 4018 526 4101; x_wconf 88' lang='lat' dir='ltr'><strong><em>Neque</em></strong></span> <span class='ocrx_word' id='word_1_293' title='bbox 546 4019 640 4095; x_wconf 88' lang='lat' dir='ltr'><strong><em>bona,</em></strong></span> <span class='ocrx_word' id='word_1_294' title='bbox 664 4038 766 4103; x_wconf 88' lang='lat' dir='ltr'><strong><em>neque</em></strong></span> <span class='ocrx_word' id='word_1_295' title='bbox 787 4017 870 4080; x_wconf 87' lang='lat' dir='ltr'><strong><em>mala</em></strong></span> <span class='ocrx_word' id='word_1_296' title='bbox 894 4037 993 4101; x_wconf 85' lang='lat' dir='ltr'><strong><em>opera</em></strong></span> <span class='ocrx_word' id='word_1_297' title='bbox 1014 4018 1046 4079; x_wconf 91' lang='lat' dir='ltr'><strong><em>in</em></strong></span> <span class='ocrx_word' id='word_1_298' title='bbox 1065 4017 1203 4080; x_wconf 89' lang='lat' dir='ltr'><strong><em>hominis</em></strong></span> <span class='ocrx_word' id='word_1_299' title='bbox 1222 4037 1294 4080; x_wconf 88' lang='lat' dir='ltr'><strong><em>esse</em></strong></span> <span class='ocrx_word' id='word_1_300' title='bbox 1309 4025 1482 4099; x_wconf 83' lang='lat' dir='ltr'><strong><em>potestate,</em></strong></span> <span class='ocrx_word' id='word_1_301' title='bbox 1499 4023 1532 4078; x_wconf 89' lang='lat' dir='ltr'><strong><em>et</em></strong></span> <span class='ocrx_word' id='word_1_302' title='bbox 1547 4014 1713 4088; x_wconf 87' lang='lat' dir='ltr'><strong><em>electione,</em></strong></span> 
     </span>
     <span class='ocr_line' id='line_1_27' title="bbox 119 4120 1716 4208; baseline -0.001 -24"><span class='ocrx_word' id='word_1_303' title='bbox 119 4123 149 4185; x_wconf 93' lang='lat' dir='ltr'><strong><em>id</em></strong></span> <span class='ocrx_word' id='word_1_304' title='bbox 171 4143 247 4187; x_wconf 88' lang='lat' dir='ltr'><strong><em>vero</em></strong></span> <span class='ocrx_word' id='word_1_305' title='bbox 271 4125 345 4208; x_wconf 91' lang='lat' dir='ltr'><strong><em>quia</em></strong></span> <span class='ocrx_word' id='word_1_306' title='bbox 369 4126 636 4188; x_wconf 86' lang='lat' dir='ltr'><strong><em>resurrectionem</em></strong></span> <span class='ocrx_word' id='word_1_307' title='bbox 658 4126 839 4188; x_wconf 82' lang='lat' dir='ltr'><strong><em>inficiantur</em></strong></span> <span class='ocrx_word' id='word_1_308' title='bbox 864 4134 896 4188; x_wconf 90' lang='lat' dir='ltr'><strong><em>et</em></strong></span> <span class='ocrx_word' id='word_1_309' title='bbox 919 4133 1096 4187; x_wconf 87' lang='lat' dir='ltr'><strong><em>extremum</em></strong></span> <span class='ocrx_word' id='word_1_310' title='bbox 1118 4123 1280 4187; x_wconf 88' lang='lat' dir='ltr'><strong><em>iudicium.</em></strong></span> <span class='ocrx_word' id='word_1_311' title='bbox 1298 4122 1456 4207; x_wconf 89' lang='lat' dir='ltr'><strong><em>Perpetuo</em></strong></span> <span class='ocrx_word' id='word_1_312' title='bbox 1478 4120 1561 4185; x_wconf 88' lang='lat' dir='ltr'><strong><em>albis</em></strong></span> <span class='ocrx_word' id='word_1_313' title='bbox 1583 4128 1716 4185; x_wconf 88' lang='lat' dir='ltr'><strong><em>utuntur</em></strong></span> 
     </span>
     <span class='ocr_line' id='line_1_28' title="bbox 119 4228 1714 4316; baseline -0.001 -24"><span class='ocrx_word' id='word_1_314' title='bbox 119 4230 326 4305; x_wconf 85' lang='lat' dir='ltr'><strong><em>vestimentis,</em></strong></span> <span class='ocrx_word' id='word_1_315' title='bbox 347 4232 539 4296; x_wconf 86' lang='lat' dir='ltr'><strong><em>arbitrantes</em></strong></span> <span class='ocrx_word' id='word_1_316' title='bbox 558 4253 624 4306; x_wconf 90' lang='lat' dir='ltr'><strong><em>eos,</em></strong></span> <span class='ocrx_word' id='word_1_317' title='bbox 646 4232 701 4316; x_wconf 90' lang='lat' dir='ltr'><strong><em>qui</em></strong></span> <span class='ocrx_word' id='word_1_318' title='bbox 721 4231 803 4295; x_wconf 88' lang='lat' dir='ltr'><strong><em>albis</em></strong></span> <span class='ocrx_word' id='word_1_319' title='bbox 818 4238 965 4307; x_wconf 90' lang='lat' dir='ltr'><strong><em>utuntur,</em></strong></span> <span class='ocrx_word' id='word_1_320' title='bbox 983 4240 1068 4295; x_wconf 90' lang='lat' dir='ltr'><strong><em>stare</em></strong></span> <span class='ocrx_word' id='word_1_321' title='bbox 1091 4239 1213 4313; x_wconf 86' lang='lat' dir='ltr'><strong><em>aparte</em></strong></span> <span class='ocrx_word' id='word_1_322' title='bbox 1236 4230 1296 4293; x_wconf 90' lang='lat' dir='ltr'><strong><em>Dei</em></strong></span> <span class='ocrx_word' id='word_1_323' title='bbox 1317 4229 1447 4292; x_wconf 85' lang='lat' dir='ltr'><strong><em>luminis</em></strong></span> <span class='ocrx_word' id='word_1_324' title='bbox 1461 4228 1547 4305; x_wconf 90' lang='lat' dir='ltr'><strong><em>boni,</em></strong></span> <span class='ocrx_word' id='word_1_325' title='bbox 1564 4228 1619 4311; x_wconf 93' lang='lat' dir='ltr'><strong><em>qui</em></strong></span> <span class='ocrx_word' id='word_1_326' title='bbox 1640 4248 1714 4290; x_wconf 88' lang='lat' dir='ltr'><strong><em>vero</em></strong></span> 
     </span>
     <span class='ocr_line' id='line_1_29' title="bbox 117 4338 780 4422; baseline 0 -23"><span class='ocrx_word' id='word_1_327' title='bbox 117 4338 230 4422; x_wconf 81' lang='lat' dir='ltr'><strong><em>nigris,</em></strong></span> <span class='ocrx_word' id='word_1_328' title='bbox 249 4346 372 4421; x_wconf 87' lang='lat' dir='ltr'><strong><em>aparte</em></strong></span> <span class='ocrx_word' id='word_1_329' title='bbox 391 4339 451 4401; x_wconf 87' lang='lat' dir='ltr'><strong><em>Dei</em></strong></span> <span class='ocrx_word' id='word_1_330' title='bbox 470 4340 674 4402; x_wconf 84' lang='lat' dir='ltr'><strong><em>tenebrarum</em></strong></span> <span class='ocrx_word' id='word_1_331' title='bbox 693 4338 780 4402; x_wconf 88' lang='lat' dir='ltr'><strong><em>mali.</em></strong></span> 
     </span>
    </p>
   </div>
   <div class='ocr_carea' id='block_1_13' title="bbox 116 4515 1715 4873">
    <p class='ocr_par' dir='ltr' id='par_1_14' title="bbox 116 4515 1715 4873">
     <span class='ocr_line' id='line_1_30' title="bbox 189 4515 1715 4602; baseline -0.003 -12"><span class='ocrx_word' id='word_1_332' title='bbox 189 4517 397 4591; x_wconf 84' lang='lat' dir='ltr'><strong><em>Notandum</em></strong></span> <span class='ocrx_word' id='word_1_333' title='bbox 417 4530 554 4591; x_wconf 86' lang='lat' dir='ltr'><strong><em>sectam</em></strong></span> <span class='ocrx_word' id='word_1_334' title='bbox 578 4519 827 4591; x_wconf 89' lang='lat' dir='ltr'><strong><em>Disanitarum</em></strong></span> <span class='ocrx_word' id='word_1_335' title='bbox 852 4519 1034 4593; x_wconf 89' lang='lat' dir='ltr'><strong><em>decimum</em></strong></span> <span class='ocrx_word' id='word_1_336' title='bbox 1053 4530 1196 4590; x_wconf 87' lang='lat' dir='ltr'><strong><em>tantum</em></strong></span> <span class='ocrx_word' id='word_1_337' title='bbox 1218 4517 1339 4590; x_wconf 81' lang='lat' dir='ltr'><strong><em>locum</em></strong></span> <span class='ocrx_word' id='word_1_338' title='bbox 1358 4529 1497 4602; x_wconf 85' lang='lat' dir='ltr'><strong><em>tenere,</em></strong></span> <span class='ocrx_word' id='word_1_339' title='bbox 1526 4515 1715 4588; x_wconf 88' lang='lat' dir='ltr'><strong><em>inveniun-</em></strong></span> 
     </span>
     <span class='ocr_line' id='line_1_31' title="bbox 116 4648 1710 4747; baseline -0.003 -24"><span class='ocrx_word' id='word_1_340' title='bbox 116 4664 173 4723; x_wconf 88' lang='lat' dir='ltr'><strong><em>tur</em></strong></span> <span class='ocrx_word' id='word_1_341' title='bbox 193 4663 301 4723; x_wconf 84' lang='lat' dir='ltr'><strong><em>antea</em></strong></span> <span class='ocrx_word' id='word_1_342' title='bbox 321 4663 443 4724; x_wconf 85' lang='lat' dir='ltr'><strong><em>sectae</em></strong></span> <span class='ocrx_word' id='word_1_343' title='bbox 469 4651 765 4737; x_wconf 87' lang='lat' dir='ltr'><strong><em>Sabbatinorum,</em></strong></span> <span class='ocrx_word' id='word_1_344' title='bbox 791 4653 1065 4739; x_wconf 90' lang='lat' dir='ltr'><strong><em>Simonitarum,</em></strong></span> <span class='ocrx_word' id='word_1_345' title='bbox 1090 4651 1422 4736; x_wconf 84' lang='lat' dir='ltr'><strong><em>Marcionistarum,</em></strong></span> <span class='ocrx_word' id='word_1_346' title='bbox 1442 4648 1710 4747; x_wconf 89' lang='lat' dir='ltr'><strong><em>Sophistarum,</em></strong></span> 
     </span>
     <span class='ocr_line' id='line_1_32' title="bbox 120 4781 1709 4873; baseline -0.003 -18"><span class='ocrx_word' id='word_1_347' title='bbox 120 4784 427 4872; x_wconf 84' lang='lat' dir='ltr'><strong><em>Manichaeorum,</em></strong></span> <span class='ocrx_word' id='word_1_348' title='bbox 451 4785 770 4873; x_wconf 75' lang='lat' dir='ltr'><strong><em>paulianistarum,</em></strong></span> <span class='ocrx_word' id='word_1_349' title='bbox 801 4785 1116 4872; x_wconf 75' lang='lat' dir='ltr'><strong><em>photinianorum,</em></strong></span> <span class='ocrx_word' id='word_1_350' title='bbox 1139 4783 1398 4870; x_wconf 87' lang='lat' dir='ltr'><strong><em>Barbarorum,</em></strong></span> <span class='ocrx_word' id='word_1_351' title='bbox 1427 4781 1709 4855; x_wconf 87' lang='lat' dir='ltr'><strong><em>Phoealitarum.</em></strong></span> 
     </span>
    </p>
   </div>
   <div class='ocr_carea' id='block_1_14' title="bbox 15 4915 1714 5284">
    <p class='ocr_par' dir='ltr' id='par_1_15' title="bbox 15 4888 1714 5284">
     <span class='ocr_line' id='line_1_33' title="bbox 120 4915 1709 5018; baseline -0.002 -27.248"><span class='ocrx_word' id='word_1_352' title='bbox 120 4917 222 4991; x_wconf 89' lang='lat' dir='ltr'><strong><em>Unde</em></strong></span> <span class='ocrx_word' id='word_1_353' title='bbox 247 4917 370 5016; x_wconf 82' lang='lat' dir='ltr'><strong><em>agitur</em></strong></span> <span class='ocrx_word' id='word_1_354' title='bbox 388 4917 511 4991; x_wconf 79' lang='lat' dir='ltr'><strong><em>forsan</em></strong></span> <span class='ocrx_word' id='word_1_355' title='bbox 532 4918 576 4990; x_wconf 89' lang='lat' dir='ltr'><strong><em>de</em></strong></span> <span class='ocrx_word' id='word_1_356' title='bbox 597 4932 837 5018; x_wconf 86' lang='lat' dir='ltr'><strong><em>praepostera</em></strong></span> <span class='ocrx_word' id='word_1_357' title='bbox 859 4919 1110 4992; x_wconf 87' lang='lat' dir='ltr'><strong><em>doctrinarum</em></strong></span> <span class='ocrx_word' id='word_1_358' title='bbox 1136 4918 1355 4990; x_wconf 88' lang='lat' dir='ltr'><strong><em>Bardesanis</em></strong></span> <span class='ocrx_word' id='word_1_359' title='bbox 1375 4915 1709 4998; x_wconf 77' lang='lat' dir='ltr'><strong><em>transformatione,</em></strong></span> 
     </span>
     <span class='ocr_line' id='line_1_34' title="bbox 15 5048 1714 5152; baseline -0.002 -30"><span class='ocrx_word' id='word_1_360' title='bbox 15 5080 16 5087; x_wconf 48' lang='lat'>¹</span> <span class='ocrx_word' id='word_1_361' title='bbox 119 5049 161 5122; x_wconf 86' lang='lat' dir='ltr'><strong><em>ds</em></strong></span> <span class='ocrx_word' id='word_1_362' title='bbox 181 5075 253 5149; x_wconf 85' lang='lat' dir='ltr'><strong><em>qua</em></strong></span> <span class='ocrx_word' id='word_1_363' title='bbox 277 5050 413 5124; x_wconf 90' lang='lat' dir='ltr'><strong><em>mentio</em></strong></span> <span class='ocrx_word' id='word_1_364' title='bbox 433 5051 473 5123; x_wconf 84' lang='lat' dir='ltr'><strong><em>fit</em></strong></span> <span class='ocrx_word' id='word_1_365' title='bbox 494 5051 533 5123; x_wconf 90' lang='lat' dir='ltr'><strong><em>in</em></strong></span> <span class='ocrx_word' id='word_1_366' title='bbox 555 5052 727 5151; x_wconf 87' lang='lat' dir='ltr'><strong><em>operibus</em></strong></span> <span class='ocrx_word' id='word_1_367' title='bbox 753 5053 1056 5152; x_wconf 90' lang='lat' dir='ltr'><strong><em>philosophorum</em></strong></span> <span class='ocrx_word' id='word_1_368' title='bbox 1075 5050 1238 5123; x_wconf 81' lang='lat' dir='ltr'><strong><em>Arabum</em></strong></span> <span class='ocrx_word' id='word_1_369' title='bbox 1260 5050 1352 5123; x_wconf 87' lang='lat' dir='ltr'><strong><em>inira</em></strong></span> <span class='ocrx_word' id='word_1_370' title='bbox 1373 5048 1542 5122; x_wconf 88' lang='lat' dir='ltr'><strong><em>citandis.</em></strong></span> <span class='ocrx_word' id='word_1_371' title='bbox 1571 5051 1624 5120; x_wconf 88' lang='lat' dir='ltr'><strong><em>Dc</em></strong></span> <span class='ocrx_word' id='word_1_372' title='bbox 1647 5072 1714 5119; x_wconf 86' lang='lat' dir='ltr'><strong><em>au-</em></strong></span> 
     </span>
     <span class='ocr_line' id='line_1_35' title="bbox 15 5168 1711 5284; baseline -0.001 -30"><span class='ocrx_word' id='word_1_373' title='bbox 15 5168 16 5243; x_wconf 62' lang='lat'><em>}</em></span> <span class='ocrx_word' id='word_1_374' title='bbox 116 5182 344 5257; x_wconf 86' lang='lat' dir='ltr'><strong><em>theuticitate</em></strong></span> <span class='ocrx_word' id='word_1_375' title='bbox 366 5184 514 5282; x_wconf 90' lang='lat' dir='ltr'><strong><em>quidem</em></strong></span> <span class='ocrx_word' id='word_1_376' title='bbox 545 5184 644 5258; x_wconf 87' lang='lat' dir='ltr'><strong><em>iltius</em></strong></span> <span class='ocrx_word' id='word_1_377' title='bbox 666 5186 903 5284; x_wconf 80' lang='lat' dir='ltr'><strong><em>praefationis</em></strong></span> <span class='ocrx_word' id='word_1_378' title='bbox 934 5212 1007 5258; x_wconf 91' lang='lat' dir='ltr'><strong><em>non</em></strong></span> <span class='ocrx_word' id='word_1_379' title='bbox 1035 5197 1180 5258; x_wconf 83' lang='lat' dir='ltr'><strong><em>constat</em></strong></span> <span class='ocrx_word' id='word_1_380' title='bbox 1209 5183 1343 5282; x_wconf 90' lang='lat' dir='ltr'><strong><em>quippe</em></strong></span> <span class='ocrx_word' id='word_1_381' title='bbox 1371 5208 1464 5281; x_wconf 87' lang='lat' dir='ltr'><strong><em>quae</em></strong></span> <span class='ocrx_word' id='word_1_382' title='bbox 1488 5182 1711 5254; x_wconf 88' lang='lat' dir='ltr'><strong><em>mentionem</em></strong></span> 
     </span>
    </p>
   </div>
   <div class='ocr_carea' id='block_1_15' title="bbox 116 5313 1711 5418">
    <p class='ocr_par' dir='ltr' id='par_1_16' title="bbox 116 5313 1711 5418">
     <span class='ocr_line' id='line_1_36' title="bbox 116 5313 1711 5418; baseline -0.001 -32"><span class='ocrx_word' id='word_1_383' title='bbox 116 5315 223 5389; x_wconf 85' lang='lat' dir='ltr'><strong><em>saciat</em></strong></span> <span class='ocrx_word' id='word_1_384' title='bbox 250 5317 409 5391; x_wconf 87' lang='lat' dir='ltr'><strong><em>Helenae</em></strong></span> <span class='ocrx_word' id='word_1_385' title='bbox 431 5319 559 5391; x_wconf 86' lang='lat' dir='ltr'><strong><em>matris</em></strong></span> <span class='ocrx_word' id='word_1_386' title='bbox 583 5319 815 5392; x_wconf 88' lang='lat' dir='ltr'><strong><em>Constantini</em></strong></span> <span class='ocrx_word' id='word_1_387' title='bbox 841 5348 858 5390; x_wconf 82' lang='lat' dir='ltr'><strong><em>u</em></strong></span> <span class='ocrx_word' id='word_1_388' title='bbox 889 5346 984 5418; x_wconf 90' lang='lat' dir='ltr'><strong><em>quae</em></strong></span> <span class='ocrx_word' id='word_1_389' title='bbox 1014 5319 1059 5392; x_wconf 90' lang='lat' dir='ltr'><strong><em>ab</em></strong></span> <span class='ocrx_word' id='word_1_390' title='bbox 1091 5319 1241 5391; x_wconf 90' lang='lat' dir='ltr'><strong><em>ineunte</em></strong></span> <span class='ocrx_word' id='word_1_391' title='bbox 1269 5329 1389 5390; x_wconf 87' lang='lat' dir='ltr'><strong><em>aetate</em></strong></span> <span class='ocrx_word' id='word_1_392' title='bbox 1416 5314 1616 5389; x_wconf 88' lang='lat' dir='ltr'><strong><em>christiana</em></strong></span> <span class='ocrx_word' id='word_1_393' title='bbox 1641 5313 1711 5385; x_wconf 86' lang='lat' dir='ltr'><strong><em>fido</em></strong></span> 
     </span>
    </p>
   </div>
   <div class='ocr_carea' id='block_1_16' title="bbox 115 5544 1713 5837">
    <p class='ocr_par' dir='ltr' id='par_1_17' title="bbox 115 5544 1713 5837">
     <span class='ocr_line' id='line_1_37' title="bbox 177 5544 1713 5634; baseline -0.003 -25"><span class='ocrx_word' id='word_1_394' title='bbox 177 5546 294 5610; x_wconf 73' lang='lat' dir='ltr'><strong><em>&#39;quta</em></strong></span> <span class='ocrx_word' id='word_1_395' title='bbox 313 5548 528 5612; x_wconf 89' lang='lat' dir='ltr'><strong><em>Bardesanem</em></strong></span> <span class='ocrx_word' id='word_1_396' title='bbox 552 5550 640 5613; x_wconf 87' lang='lat' dir='ltr'><strong><em>Deus</em></strong></span> <span class='ocrx_word' id='word_1_397' title='bbox 660 5551 780 5613; x_wconf 86' lang='lat' dir='ltr'><strong><em>crearit</em></strong></span> <span class='ocrx_word' id='word_1_398' title='bbox 799 5552 884 5614; x_wconf 88' lang='lat' dir='ltr'><strong><em>entia</em></strong></span> <span class='ocrx_word' id='word_1_399' title='bbox 903 5570 961 5614; x_wconf 89' lang='lat' dir='ltr'><strong><em>nec</em></strong></span> <span class='ocrx_word' id='word_1_400' title='bbox 975 5550 1113 5634; x_wconf 85' lang='lat' dir='ltr'><strong><em>privavit</em></strong></span> <span class='ocrx_word' id='word_1_401' title='bbox 1131 5549 1187 5611; x_wconf 88' lang='lat' dir='ltr'><strong><em>illa</em></strong></span> <span class='ocrx_word' id='word_1_402' title='bbox 1211 5548 1370 5611; x_wconf 88' lang='lat' dir='ltr'><strong><em>libertate.</em></strong></span> <span class='ocrx_word' id='word_1_403' title='bbox 1388 5546 1479 5610; x_wconf 88' lang='lat' dir='ltr'><strong><em>Unde</em></strong></span> <span class='ocrx_word' id='word_1_404' title='bbox 1499 5553 1667 5608; x_wconf 85' lang='lat' dir='ltr'><strong><em>moventur</em></strong></span> <span class='ocrx_word' id='word_1_405' title='bbox 1681 5544 1713 5605; x_wconf 89' lang='lat' dir='ltr'><strong><em>vi</em></strong></span> 
     </span>
     <span class='ocr_line' id='line_1_38' title="bbox 115 5650 1070 5739; baseline 0.005 -26"><span class='ocrx_word' id='word_1_406' title='bbox 115 5650 271 5715; x_wconf 86' lang='lat' dir='ltr'><strong><em>libertatis</em></strong></span> <span class='ocrx_word' id='word_1_407' title='bbox 286 5674 362 5716; x_wconf 89' lang='lat' dir='ltr'><strong><em>suae</em></strong></span> <span class='ocrx_word' id='word_1_408' title='bbox 376 5662 409 5717; x_wconf 90' lang='lat' dir='ltr'><strong><em>et</em></strong></span> <span class='ocrx_word' id='word_1_409' title='bbox 423 5664 554 5739; x_wconf 90' lang='lat' dir='ltr'><strong><em>propter</em></strong></span> <span class='ocrx_word' id='word_1_410' title='bbox 568 5656 629 5721; x_wconf 87' lang='lat' dir='ltr'><strong><em>hoc</em></strong></span> <span class='ocrx_word' id='word_1_411' title='bbox 644 5657 676 5719; x_wconf 93' lang='lat' dir='ltr'><strong><em>in</em></strong></span> <span class='ocrx_word' id='word_1_412' title='bbox 692 5656 844 5719; x_wconf 88' lang='lat' dir='ltr'><strong><em>iudicium</em></strong></span> <span class='ocrx_word' id='word_1_413' title='bbox 858 5657 1070 5719; x_wconf 84' lang='lat' dir='ltr'><strong><em>vocabuntur.</em></strong></span> 
     </span>
     <span class='ocr_line' id='line_1_39' title="bbox 175 5759 598 5837; baseline 0.007 -15"><span class='ocrx_word' id='word_1_414' title='bbox 175 5759 314 5835; x_wconf 70' lang='lat' dir='ltr'><strong><em>&#39;Mansi</em></strong></span> <span class='ocrx_word' id='word_1_415' title='bbox 332 5769 354 5823; x_wconf 91' lang='lat' dir='ltr'><strong><em>t.</em></strong></span> <span class='ocrx_word' id='word_1_416' title='bbox 373 5760 413 5837; x_wconf 88' lang='lat'><strong><em>11,</em></strong></span> <span class='ocrx_word' id='word_1_417' title='bbox 430 5763 491 5825; x_wconf 90' lang='lat' dir='ltr'><strong><em>col.</em></strong></span> <span class='ocrx_word' id='word_1_418' title='bbox 511 5769 598 5827; x_wconf 80' lang='lat'><strong>1059.</strong></span> 
     </span>
    </p>
   </div>
   <div class='ocr_carea' id='block_1_17' title="bbox 0 0 2064 6457">
    <p class='ocr_par' dir='ltr' id='par_1_18' title="bbox 0 0 2064 6457">
     <span class='ocr_line' id='line_1_40' title="bbox 0 0 2064 6457; baseline 0 0"><span class='ocrx_word' id='word_1_419' title='bbox 0 0 2064 6457; x_wconf 95' lang='lat' dir='ltr'><strong><em> </em></strong></span> 
     </span>
    </p>
   </div>
  </div>
 </body>
</html>
