4108 6458
387 452 445 511 672
923 443 1166 509 PRAEFATIO
1187 482 1227 491 —
1248 443 1390 510 CAPUT
1412 446 1437 509 l.

389 638 547 698 iustitiam
562 655 579 696 e
597 646 689 696 coetu
705 635 885 710 secessisse,
900 634 1104 715 iniquitatem
1120 634 1153 693 in
1161 634 1413 715 praestantibus
1427 646 1459 695 et
1472 633 1609 715 iniquis⁴
1626 652 1812 695 successum
1828 633 1965 696 babuisse

393 763 424 813 et
441 754 607 813 veritatem
626 750 668 810 ob
686 748 900 810 insolentibus
915 759 947 809 et
965 749 1075 810 clectis
1094 746 1195 809 simul
1211 751 1384 811 recessisse
1403 748 1579 831 ridensque
1593 748 1810 832 Evangelium
1827 751 1860 809 in
1874 749 1965 813 medio
2029 794 2030 849 q

385 870 532 951 positum
547 876 646 949 atque
660 865 787 927 nullom
804 863 884 926 dari
896 864 1050 926 ultionem
1065 865 1185 924 iustum
1203 865 1289 925 inter
1305 883 1341 926 se
1360 876 1391 925 et
1405 876 1541 941 coetum,
1555 866 1673 945 surore
1687 867 1834 926 marimo
1849 867 1965 948 infiam-
2029 892 2030 895 ¹

390 995 510 1060 matus,
534 982 700 1064 percussit
722 978 937 1063 Evangelium
961 977 1072 1041 dicens
1092 980 1154 1040 ei:
1181 1004 1194 1033 e
1220 978 1379 1061 Loquere,
1406 979 1540 1061 loquere
1565 978 1781 1063 Evangelium
1806 1005 1820 1037 ι
1843 980 1967 1063 perinde

394 1101 482 1159 acsi
497 1095 615 1176 [dicere
632 1094 815 1175 volienses?
832 1115 840 1157 ε
856 1114 962 1178 quare
976 1105 1012 1155 ut
1024 1092 1126 1156 iuden
1135 1095 1274 1177 poneris
1290 1097 1325 1156 in
1336 1092 1442 1155 medio
1458 1106 1490 1155 et
1505 1092 1615 1156 ridens
1628 1097 1796 1156 ueritatem
1811 1099 1968 1157 secessisse

316 1196 322 1207 ’
392 1213 435 1273 ab
460 1214 620 1295 episcopis
641 1213 738 1272 rectis
761 1212 913 1271 simulet
932 1211 1100 1292 peruersis
1128 1221 1161 1270 tu
1188 1221 1276 1271 taces
1300 1210 1425 1291 absque
1447 1211 1535 1271 iusta
1562 1209 1695 1272 ultione.
1720 1208 1765 1270 Et
1789 1214 1867 1293 quia
1891 1210 1971 1271 baud

396 1347 468 1388 cum
493 1330 608 1389 timore
628 1337 659 1388 et
681 1328 766 1391 iusto
789 1324 904 1386 modo³
928 1327 1206 1408 appropinquarit
1227 1323 1275 1385 od
1295 1324 1527 1407 Evangelium,
1549 1344 1610 1386 nec
1633 1323 1718 1387 eelut
1738 1328 1799 1407 qui
1819 1328 1967 1408 refugium

392 1444 531 1526 quaerit,
548 1462 683 1503 manum
703 1443 735 1504 ei
748 1443 913 1523 imposuit,
929 1441 1017 1502 illico
1032 1441 1155 1523 recepit
1172 1441 1271 1502 ictum
1283 1438 1400 1501 iudicii
1416 1442 1604 1522 incorpore
1626 1460 1686 1502 suo
1699 1439 1778 1502 Meir
1792 1439 1899 1523 Peipa,
1914 1462 1967 1523 quo

394 1561 501 1642 magis
520 1556 629 1618 adbuc
641 1555 726 1639 fides
739 1555 980 1639 praestabatur
998 1557 1158 1638 episcopis
1173 1554 1285 1637 quoad
1299 1558 1411 1617 omnia
1431 1558 1542 1637 capita
1556 1568 1587 1616 et
1604 1558 1832 1617 accusationes
1850 1558 1968 1638 iniquos

388 1687 422 1737 et
440 1676 581 1735 iniustus
600 1686 632 1734 et
648 1672 858 1751 iniuriosns⁴,
875 1692 959 1753 quas
974 1671 1014 1732 de
1032 1669 1111 1733 Mcir
1129 1670 1229 1753 Peipo
1247 1672 1424 1732 insolentes
1440 1673 1587 1754 episcopi
1604 1673 1878 1753 conscripserunt,
1895 1671 1969 1733 uelut

396 1787 436 1850 de
450 1789 664 1869 malefactore
677 1788 935 1848 bistoriunculas
958 1798 1185 1869 componentes
1201 1797 1233 1847 et
1250 1787 1284 1847 in
1298 1785 1409 1846 multis
1424 1785 1668 1867 exemplaribus
1689 1788 1723 1846 in
1742 1784 1878 1849 dirersis
1896 1787 1969 1847 loeis

386 1903 554 1987 divulgari
564 1915 772 1964 curaverunt

449 2018 494 2082 Et
513 2029 630 2100 postea
645 2038 718 2079 cum
740 2017 800 2079 boc
817 2039 839 2078 a
853 2017 1010 2100 patribus
1031 2015 1287 2078 occidentalibus
1307 2015 1456 2078 auditum
1478 2029 1564 2078 esset
1583 2029 1615 2078 et
1634 2018 1843 2099 inquisitione
1864 2028 1968 2078 exacto

388 2133 620 2217 fraudulentia
643 2133 851 2195 insolentium
876 2132 1022 2195 revelata
1043 2144 1074 2193 et
1094 2134 1239 2214 nequitia
1264 2151 1376 2194 eorum
1398 2131 1524 2194 detecta
1546 2144 1630 2194 esset
1652 2144 1683 2193 et
1704 2152 1816 2193 omnes
1840 2134 1971 2214 episcopi

393 2249 568 2311 insolentes
589 2250 702 2310 reiecti
723 2260 755 2311 et
774 2246 915 2331 depositi
933 2260 1049 2324 essent,
1067 2267 1205 2329 quorum
1228 2246 1363 2329 quidam
1384 2260 1606 2325 accusatores,
1624 2246 1758 2331 quidam
1783 2259 1878 2309 testes
1899 2268 1967 2330 age·

392 2365 493 2426 bunt:
508 2366 676 2447 episcopos
684 2375 897 2445 praestantes
907 2364 966 2445 qui
976 2366 1011 2424 in
1024 2362 1080 2424 illo
1096 2375 1188 2424 coetu
1201 2376 1316 2424 contra
1326 2360 1405 2424 Meir
1418 2362 1517 2445 Peipa
1530 2362 1641 2425 babilo
1655 2361 1808 2440 oderunt,
1826 2364 1968 2445 quonium

389 2481 451 2542 alii
463 2501 574 2542 eorum
590 2482 751 2559 martyrio
767 2479 850 2540 bono
863 2478 978 2540 eabae
992 2476 1114 2538 mundo
1129 2478 1292 2554 abierunt,
1309 2478 1372 2540 olii
1383 2499 1457 2538 cum
1466 2479 1563 2559 sama
1578 2477 1664 2538 bona
1679 2480 1744 2539 rita
1758 2480 1868 2559 functi
1878 2490 1969 2538 sunt:

389 2598 487 2657 etium
507 2597 645 2657 virentes
660 2595 875 2678 reliquerunt,
892 2614 957 2655 non
972 2591 1102 2676 quidem
1121 2593 1159 2654 ob
1175 2614 1286 2655 eorum
1300 2592 1423 2676 agendi
1435 2595 1596 2654 rationem
1612 2615 1622 2654 .·
1637 2592 1698 2654 sed
1710 2595 1866 2675 quoniam
1880 2594 1971 2655 resci-

388 2722 456 2773 tum
471 2724 520 2773 est
533 2710 662 2772 eosdem
678 2709 773 2773 raldo
787 2708 888 2771 rudes
901 2708 1130 2792 simplicesque
1138 2711 1261 2790 suesse,·
1275 2730 1374 2791 quam
1390 2709 1429 2768 ob
1445 2728 1581 2770 causam
1588 2711 1742 2791 peruersi
1754 2729 1790 2770 eo
1805 2711 1909 2792 magis
1915 2728 1970 2790 po·

391 2838 483 2888 tuere
502 2845 557 2888 eos
570 2828 605 2886 in
619 2845 765 2886 errorem
783 2823 948 2901 inducere,
966 2826 1047 2885 utin
1061 2826 1192 2885 nomine
1204 2826 1438 2907 praestantiae
1449 2844 1574 2901 eorum,
1588 2823 1764 2885 insolentes
1783 2823 1969 2885 voluntatem

396 2963 491 3003 suum
507 2940 702 3003 malevolam
725 2953 840 3002 contra
861 2940 919 3021 (i)³
930 2940 1163 3023 patriarcham
1182 2939 1366 3021 implerent.
1383 2939 1427 3001 Et
1441 2941 1547 3017 timor,
1566 2959 1659 3022 quem
1675 2941 1822 3016 timuere,
1840 2959 1880 3001 ne
1894 2940 1971 3019 sorte

393 3077 448 3118 eos
462 3078 483 3118 o
493 3055 654 3141 gradibus
667 3058 737 3118 suis
751 3055 904 3138 deponat,
918 3057 1105 3137 supervenit
1118 3057 1164 3117 eis
1181 3077 1202 3115 a
1213 3076 1261 3137 pa
1267 3055 1370 3117 tribus
1384 3057 1505 3116 nostris
1520 3053 1776 3117 occidentalibus
1792 3076 1803 3114 :
1819 3066 1850 3116 et
1861 3055 1968 3127 reiecti,

388 3173 532 3256 depositi
544 3174 699 3255 eiectique
717 3184 794 3233 sunt
811 3169 936 3253 ubsque
953 3169 1191 3247 misericordia,
1208 3183 1240 3233 et
1253 3169 1470 3253 quodcunque
1484 3182 1600 3231 contra
1617 3169 1695 3232 Mer
1709 3168 1840 3252 Peipam
1854 3182 1971 3255 gestum

393 3301 441 3349 est
454 3287 659 3350 resciderunt
672 3299 704 3348 et
718 3287 960 3370 abrogaverunt
972 3285 1105 3348 Patres.
1118 3286 1163 3349 Et
1175 3286 1215 3348 ob
1230 3307 1338 3348 mores
1352 3288 1422 3347 eius
1430 3286 1631 3370 praeclaros
1646 3298 1677 3346 et
1689 3285 1797 3346 zelum
1806 3283 1970 3367 fervidum,

394 3424 457 3485 quo
471 3424 543 3463 cum
559 3402 624 3465 Dei
639 3405 753 3465 timore
770 3402 920 3464 omnibus
927 3400 1241 3485 praedecessoribus
1254 3404 1324 3463 suis
1337 3403 1491 3463 solertius
1501 3400 1683 3482 festinabat
1696 3412 1728 3461 et
1742 3400 1804 3461 tuli
1821 3401 1942 3461 ratione
1954 3419 1972 3456 a

393 3532 484 3580 coetu
509 3517 687 3579 retributus
713 3530 771 3595 est,
789 3537 883 3599 quem
908 3515 1064 3599 discipuli
1087 3519 1156 3577 eius
1183 3527 1300 3578 contra
1328 3519 1434 3599 ipsum
1460 3520 1612 3599 fecerunt
1639 3520 1763 3597 absque
1783 3527 1971 3599 potestate:

390 3646 632 3717 praeceperunt
652 3632 787 3712 Patres,
814 3658 827 3688 e
850 3645 885 3693 ut
902 3631 982 3694 Meir
999 3631 1097 3713 Peipa
1118 3635 1152 3693 in
1179 3633 1262 3694 libro
1282 3632 1385 3694 eitae⁶
1409 3644 1487 3693 onte
1509 3631 1652 3714 reliquos
1675 3634 1929 3693 annuntiaretur
1947 3638 1973 3689 et

391 3769 503 3811 omnes
521 3748 708 3811 decessores
726 3750 796 3811 eius
808 3758 889 3831 post
909 3768 981 3809 eum
998 3746 1290 3829 praedicarentur.
1309 3746 1354 3809 Et
1373 3749 1476 3809 etiam
1495 3745 1574 3809 Ma‘r
1597 3746 1738 3824 Simeon,
1760 3747 1820 3828 qui
1839 3759 1973 3827 tempore

391 3866 668 3946 constuprationis
676 3866 888 3946 principatus
896 3882 963 3946 pro
980 3860 1060 3924 Meir
1078 3861 1176 3946 Pu‘pa
1196 3865 1384 3924 nominatus
1406 3874 1463 3940 est,
1485 3865 1622 3924 scientes
1637 3882 1710 3923 eunt
1726 3863 1830 3923 virum
1849 3860 1911 3923 Dei
1923 3879 1970 3921 er·

393 3980 560 4042 vellentem
580 4000 651 4040 esse
669 3991 700 4040 et
715 3979 761 4040 ad
775 3979 836 4040 boc
852 3982 885 4041 ri
900 3977 1103 4060 compulsum
1120 3998 1189 4039 esse
1211 3981 1280 4039 :sit
1295 3976 1541 4040 Aeliidiaconus
1553 3976 1633 4040 Mer
1643 3977 1761 4060 Pa‘pae
1777 3989 1809 4038 et
1822 3978 1974 4037 ministret

389 4115 500 4156 coram
517 4115 553 4157 eo
568 4114 640 4155 cum
654 4097 793 4156 caritate
811 4106 844 4157 et
855 4093 921 4157 Dei
937 4095 1070 4170 timore,·
1085 4106 1116 4155 et
1134 4092 1269 4175 quando
1284 4091 1363 4155 Ma‘r
1380 4092 1478 4175 Pcipa
1495 4092 1542 4154 ad
1559 4091 1735 4155 Dominum
1755 4112 1849 4153 suum
1867 4110 1907 4152 ea
1920 4090 1973 4150 ltoc

388 4210 510 4271 mundo
526 4210 653 4287 abierit,
667 4211 870 4292 permittitur
887 4229 909 4269 a
921 4209 1014 4271 nobis
1027 4208 1107 4271 Mer
1123 4207 1271 4270 Simeoni
1281 4207 1398 4270 sedere
1413 4212 1446 4270 in
1464 4209 1581 4270 tlirono
1599 4205 1679 4269 Mdr
1694 4207 1811 4290 Pdpae
1826 4219 1856 4268 et
1872 4219 1973 4267 tenere

385 4325 639 4387 iurisdietionem
652 4325 913 4405 patriarchalem
929 4352 956 4386 n.

391 4529 488 4591 deren
505 4529 660 4613 Zegnisse
675 4549 715 4589 nn
729 4528 794 4590 und
807 4528 911 4591 obwol
926 4529 973 4590 sie
990 4527 1071 4590 Kein
1084 4527 1187 4590 Reeht
1201 4526 1280 4590 dazu
1294 4528 1414 4603 hatten,
1432 4536 1554 4589 setzten
1569 4527 1616 4589 sie
1631 4526 1679 4589 als
1694 4524 1896 4588 Richterden
1907 4521 1970 4584 Mn

385 4636 473 4718 Papa
487 4636 528 4698 ab
545 4663 572 4696 n.

446 4743 455 4780 ⁴
475 4741 593 4817 Braun,
615 4741 692 4804 ibid.
710 4764 721 4802 :
739 4769 752 4798 u
770 4740 845 4819 dsss
858 4740 916 4803 dns
934 4741 1017 4804 Bbse
1033 4743 1114 4803 tiber
1129 4742 1213 4804 Gute
1231 4741 1295 4803 und
1309 4740 1393 4804 Bbse
1409 4741 1538 4826 gesiegt
1555 4765 1568 4796 »
1587 4742 1654 4821 [tete
1668 4738 1768 4809 istas
1781 4737 1839 4801 sed
1849 4745 1970 4821 propter

389 4848 639 4932 parallelismum
659 4868 812 4910 numerus
831 4847 966 4930 pluralis
983 4847 1167 4910 retinendus
1185 4857 1249 4923 est;
1264 4849 1295 4909 in
1315 4847 1460 4932 sequenti
1481 4847 1625 4908 membro
1649 4845 1733 4907 enim
1752 4859 1845 4927 με
1864 4838 1968 4914 etheid

386 4955 556 5038 episcopos
570 4955 753 5037 pertinent).

445 5062 458 5099 ²
474 5061 592 5138 Brenn,
610 5061 688 5123 ibid.
703 5073 737 5129 ω’,
748 5064 794 5145 „i
808 5081 871 5123 non
887 5061 1063 5137 transtulit3
1081 5061 1214 5123 forsitan
1229 5061 1321 5123 deest
1336 5061 1367 5122 in
1383 5060 1453 5124 eod.
1468 5060 1641 5145 Borgiano.

444 5168 456 5205 ³
471 5168 588 5243 Brenn,
606 5168 682 5229 ibid.
699 5168 819 5230 Demut
830 5188 889 5252 pro
906 5172 1020 5238 limais.

444 5274 591 5347 ⁴Brnun,
614 5274 692 5336 ibid.
714 5296 756 5336 :a
775 5274 837 5336 alle
854 5273 1169 5336 verlinmderisehen
1194 5274 1257 5335 und
1273 5273 1576 5337 unterdrtiekenden
1595 5269 1766 5358 Anldagen
1783 5298 1797 5327 s
1825 5269 1970 5353 [omittere

380 5380 507 5443 videtur
523 5395 573 5450 un
584 5393 661 5458 „test
675 5391 706 5444 et
719 5382 794 5464 linig).

442 5487 541 5551 ³Vox
556 5487 587 5548 in
609 5488 718 5550 codiee
738 5510 755 5550 e
775 5498 867 5572 parte
883 5487 1063 5571 illegibilis3
1081 5488 1189 5550 Brenn
1211 5510 1217 5550 :
1242 5514 1255 5546 α
1279 5489 1371 5550 ihren
1388 5488 1489 5550 bbsen
1504 5486 1625 5553 Willen
1642 5505 1748 5571 gegen
1762 5485 1824 5547 den
1839 5482 1966 5546 Paniar-

382 5595 462 5657 chen
478 5594 509 5656 in
524 5594 627 5660 Werk
642 5604 749 5658 setzen
765 5617 802 5657 zu
819 5595 944 5657 kbnnen
963 5621 990 5658 n.
1464 5574 1469 5581 ¹

442 5702 454 5739 ⁶
472 5700 602 5765 Scilicet
616 5702 648 5764 in
662 5701 843 5785 Diptyehis,
861 5711 896 5763 ut
909 5702 1062 5765 transfert
1076 5702 1195 5766 Brenn.
