4120 6458
601 475 657 538 nn
680 474 810 539 urano
833 472 983 537 Lacon
1006 456 1269 540 nacionum
1671 481 1729 540 530

21 648 22 707 Ῑ
130 681 202 729 non
218 654 396 728 obediunt
419 668 456 728 et
479 655 645 753 proprias
668 655 771 755 leges
797 652 963 752 quamvis
988 653 1085 727 inter
1104 679 1144 727 sc
1165 654 1350 743 diversas,
1368 679 1441 727 non
1463 654 1633 728 obstante
1653 655 1728 728 iato

21 828 22 831 ¹
130 787 372 889 astrologico,
400 800 615 886 sequuntur.
644 789 743 860 Haec
767 811 853 885 pars
875 785 997 886 operis
1028 785 1140 860 citata
1167 787 1235 860 init
1261 786 1307 860 ab
1333 785 1510 873 Eusebio,
1534 800 1571 861 et
1596 813 1728 860 nomen

21 900 22 929 r

129 920 229 995 dedit
244 920 352 1007 libro,
370 921 456 1019 quia
475 919 551 993 illic
571 920 675 1020 leges
695 919 922 993 diversarum
941 918 1138 1019 regionum
1152 920 1371 993 referuntur.

203 1052 356 1150 Quaerit
380 1053 525 1127 demum
548 1052 684 1139 Avida,
706 1077 753 1125 an
773 1051 856 1126 illae
880 1051 985 1152 leges
1007 1051 1140 1152 quibus
1162 1051 1339 1126 obediunt
1362 1052 1530 1126 homines
1555 1079 1627 1126 non
1654 1053 1728 1127 sint

21 1168 22 1251 l
129 1188 309 1287 quaedam
329 1186 573 1260 manifestatio
592 1185 674 1271 fati,
699 1185 840 1257 namin
863 1186 1020 1284 quodam
1042 1184 1187 1259 elimate
1206 1187 1392 1286 praevalet
1411 1186 1558 1286 quidam
1582 1187 1728 1285 planeta

129 1334 164 1394 et
184 1320 342 1393 influxus
369 1318 428 1392 ille
453 1320 620 1419 planetae
641 1332 793 1391 vocatur
813 1319 873 1391 lex
896 1317 942 1390 ab
965 1319 1179 1420 astrologis.
1205 1319 1417 1418 Respondet
1440 1320 1669 1393 Bardesanes
1690 1320 1727 1393 in

128 1478 201 1527 uno
221 1453 367 1527 climate
387 1452 541 1526 inveniri
562 1452 667 1553 leges
688 1451 843 1525 maxime
864 1452 1028 1525 diversas
1047 1477 1090 1525 ae
1112 1452 1266 1550 proinde
1287 1451 1429 1524 nullum
1448 1477 1530 1525 esse
1552 1452 1725 1527 iniluxum

128 1587 296 1686 planetae
317 1586 425 1684 hujus
447 1585 616 1659 elimatis.
640 1627 691 1640 -
711 1585 883 1658 Attamen
906 1585 944 1658 in
965 1585 1034 1659 hoc
1057 1583 1168 1671 libro,
1192 1584 1421 1659 Bardesanes
1442 1581 1572 1659 tribuit
1590 1586 1725 1659 malum

129 1720 333 1819 physicum,
355 1732 396 1792 ut
416 1732 569 1792 mortem
587 1731 624 1791 et
642 1717 803 1806 morbos,
821 1717 973 1791 iuiluxui
992 1718 1233 1818 planetarum.
1257 1721 1362 1792 Hunc
1379 1744 1540 1792 errorem
1555 1744 1629 1793 non
1643 1745 1726 1818 pro·

129 1853 251 1926 fitetur
269 1878 337 1926 nec
355 1851 567 1926 transcribit
589 1850 783 1939 Eusebius,
801 1851 867 1924 sed
890 1851 1064 1951 vulgatus
1083 1851 1152 1924 iuit
1171 1851 1208 1923 in
1227 1851 1364 1925 nostris
1382 1852 1491 1925 etiam
1512 1852 1725 1953 regionibus

128 1986 173 2059 ad
194 1985 397 2059 recentiora
417 2011 532 2084 usque
552 1997 730 2084 tempora.

200 2184 236 2253 4.
256 2185 358 2255 Liber
375 2179 436 2254 ille
456 2180 623 2279 syriacus
643 2184 755 2273 legum
775 2182 953 2274 reqionum
979 2192 1147 2253 servatur
1165 2180 1286 2278 quoad
1309 2180 1541 2279 praeeipuam
1563 2193 1721 2278 partem,

129 2339 261 2414 graece
281 2313 319 2386 in
345 2313 503 2387 Eusebio
528 2327 564 2387 et
590 2313 702 2386 latine
729 2313 767 2385 in
793 2312 1121 2413 Recognitionibus
1140 2316 1165 2383 ¹.
1192 2316 1296 2386 quta
1323 2314 1488 2399 Ewald²,
1513 2327 1636 2387 textus
1662 2340 1726 2413 sy·

21 2456 22 2463 ’
130 2449 249 2521 riacus
274 2461 465 2547 promanat
496 2447 697 2547 aquodam
726 2447 897 2546 originali
923 2472 1078 2546 graeco,
1107 2447 1193 2545 quia
1219 2447 1382 2520 continet
1408 2448 1585 2545 quasdam
1613 2472 1723 2520 voees

21 2646 22 2655 ,
130 2606 295 2682 graecas.
321 2584 422 2654 Hanc
454 2580 686 2664 sententiam,
711 2579 811 2652 nullo
839 2592 962 2652 tamen
991 2604 1085 2652 novo
1111 2592 1329 2679 argumento
1356 2579 1531 2667 innixam,
1555 2580 1723 2680 amplecti

128 2715 229 2788 visus
244 2726 301 2787 est
315 2715 361 2787 D.
382 2714 518 2787 Land³.
536 2717 583 2786 D.
605 2716 707 2786 Marx
722 2712 854 2785 asserit
872 2713 1055 2811 syriacum
1073 2724 1213 2786 textum
1226 2713 1444 2813 originalem
1460 2739 1557 2799 esse,
1577 2713 1723 2786 demum

129 2850 173 2919 D.
196 2846 407 2946 Hilgenfeld
430 2848 536 2920 docet
559 2858 698 2919 textum
723 2846 905 2944 syriacum
925 2872 944 2918 e
967 2859 1068 2919 textu
1088 2870 1223 2946 graeco
1249 2846 1556 2946 Recognitionum
1577 2859 1724 2920 mutua·

21 2992 22 3045 1
129 2993 204 3053 tum
225 2983 343 3053 esse⁴.

199 3112 356 3186 Videtur
368 3126 491 3186 tamen
507 3110 689 3185 Eusebius
708 3113 927 3212 cognovisse
948 3137 1119 3211 graecam
1139 3113 1428 3199 translationem,
1447 3113 1484 3184 in
1504 3111 1723 3211 quibusdam

128 3246 217 3319 locis
237 3244 402 3331 liberam,
420 3245 559 3344 dialogi
580 3249 692 3340 legum
711 3252 910 3340 reqionum·
930 3258 967 3318 et
986 3257 1113 3318 auctor
1132 3245 1193 3318 ille
1215 3246 1521 3346 Recognitionum
1541 3270 1631 3318 usus
1650 3257 1719 3328 est,

127 3392 166 3451 ut
184 3379 341 3464 videtur,
364 3379 520 3478 ipsomet
534 3391 636 3451 textu
656 3377 818 3452 Eusebii.
841 3378 1078 3452 Inveniuntur
1097 3378 1244 3478 quidem
1263 3404 1373 3453 voces
1393 3403 1548 3479 graecae
1563 3378 1600 3451 in
1620 3391 1721 3451 textu

129 3513 270 3611 syriaco
297 3512 362 3585 sed
385 3537 501 3606 rarae,
526 3523 562 3585 et
583 3512 762 3610 quaedam
782 3512 926 3585 illarum
951 3511 1022 3584 ianr
1047 3511 1084 3584 in
1108 3512 1337 3586 traductione
1365 3512 1509 3612 syriaca
1534 3512 1625 3585 Novi
1647 3514 1720 3584 Te-

128 3646 297 3719 stamenti
331 3646 548 3744 perantiqua
575 3644 717 3730 insunt,
750 3639 898 3744 insuper
922 3645 1068 3718 difficile
1095 3659 1151 3718 est
1182 3646 1281 3718 dictu
1319 3644 1538 3743 quibusnam
1569 3643 1720 3718 vocibus

128 3778 270 3878 graecis
298 3778 351 3851 uti
370 3803 443 3851 non
466 3791 592 3877 posset
612 3778 840 3851 Bardesanes
864 3779 973 3852 etiam
996 3779 1033 3851 in
1056 3804 1223 3852 sermono
1248 3804 1315 3852 suo
1338 3779 1499 3877 syriaco,
1523 3803 1604 3851 cum
1628 3777 1720 3850 edu-

128 3910 280 3984 cationis
302 3911 426 4012 regiae
441 3910 625 4011 particeps
642 3910 771 3984 iuisset
786 3923 822 3983 et
837 3912 989 4010 proinde
1005 3912 1238 3985 scientiarum
1259 3936 1495 4012 graecarum·
1506 3914 1627 4006 Quare
1648 3910 1719 3984 dici

21 4078 22 4143 j
129 4045 269 4143 nequit,
297 4045 334 4116 ni
362 4042 479 4131 fallor,
505 4070 614 4118 voees
639 4072 753 4123 aaa,
776 4044 890 4142 (φύσις)
916 4046 973 4118 vel
996 4065 1128 4139 aarum
1157 4046 1321 4142 (στοιχεῖα)
1347 4045 1405 4118 vel
1432 4066 1543 4130 matr.
1564 4045 1734 4143 (uiperae)-

128 4178 306 4277 originem
330 4202 499 4279 graecam
530 4177 667 4278 dialogi
699 4177 865 4276 prodere,
895 4178 980 4276 quia
1007 4178 1179 4279 vulgatae
1210 4192 1315 4251 erant
1343 4179 1592 4252 verisimiliter
1625 4178 1718 4251 iuter

127 4309 253 4384 doctos
274 4314 418 4409 syros³.

183 4541 192 4579 ⁴
220 4539 503 4625 Toxlus-graecus
525 4540 793 4624 Recognitionum
818 4543 923 4625 periit.
945 4541 1102 4604 Remanct
1123 4550 1248 4604 tanturn
1271 4541 1440 4604 translatio
1461 4542 1573 4605 latina.
1593 4542 1714 4627 Migne,

126 4646 164 4709 P.
182 4646 262 4723 (21,
280 4667 352 4711 curn
371 4646 634 4710 translationibus
659 4647 783 4730 syriaca
797 4647 964 4731 (Lagarde,
982 4648 1125 4732 Leipzig,
1144 4650 1232 4730 1861)
1248 4656 1280 4710 et
1292 4648 1420 4711 arabica
1433 4649 1581 4731 (Gibson,
1599 4649 1714 4712 Studia

125 4752 293 4833 Sinaruea,
310 4764 344 4816 ιιο
358 4754 409 4835 V).

182 4861 195 4899 ²
212 4860 299 4924 Gott.
311 4861 457 4945 gelehrte
470 4860 648 4945 Anzeigen,
668 4867 754 4937 1856,
772 4882 804 4944 p.
820 4866 967 4925 649-6611.

182 4966 381 5030 ³Anecdota
394 4970 540 5048 syriaca,
557 4967 706 5051 Lugduni
721 4969 924 5042 Batavorum,
947 4975 1035 5044 1862,
1052 4979 1075 5031 t.
1093 4969 1117 5045 l,
1134 4990 1165 5052 p.
1184 4974 1235 5032 53.

183 5074 194 5111 ⁴
209 5073 306 5137 Nicht
319 5072 377 5136 der
390 5072 512 5136 ialsche
526 5074 676 5138 Clemens
694 5095 756 5138 von
774 5075 991 5151 Bardesancs,
1008 5075 1146 5139 sondern
1167 5075 1360 5160 nmgckehrt
1377 5076 1433 5139 der
1452 5076 1573 5141 salsohe
1593 5076 1717 5140 Bardo·

125 5199 215 5243 sanes
229 5200 291 5244 von
306 5180 379 5243 dem
393 5180 536 5244 ialschen
552 5181 700 5245 Clemens
715 5182 859 5245 entlehnt
873 5183 938 5245 hat.
957 5183 1063 5246 Βανά.
1082 5182 1141 5245 der
1158 5183 1252 5245 leeztc
1265 5184 1445 5267 gnostz'lrer,
1462 5182 1606 5267 Leipzig,
1625 5188 1712 5259 1864,

125 5306 153 5369 p.
170 5292 218 5351 74.

181 5394 193 5433 ⁵
208 5393 379 5456 Caeterum
398 5406 514 5455 aaut·
534 5394 727 5478 peculiarem
747 5415 877 5458 sensum
891 5397 988 5459 habet
1002 5396 1035 5458 in
1049 5396 1188 5480 dialogo,
1206 5396 1356 5480 designat
1375 5407 1520 5461 naturam
1535 5398 1568 5460 in
1583 5417 1712 5481 genere,

125 5497 195 5561 dum
212 5498 268 5562 illa
281 5519 344 5562 vox
358 5500 482 5581 syriaca
496 5514 548 5571 uas
559 5500 709 5585 designat
726 5510 874 5565 naturam
889 5503 964 5566 talis
982 5504 1031 5566 vel
1047 5503 1121 5566 talis
1140 5504 1234 5566 entis.
1252 5502 1331 5567 Item
1349 5507 1481 5579 μἰήμῑ
1497 5504 1655 5566 invenitur
1669 5504 1715 5565 ad

127 5603 272 5679 Galatas,
295 5627 337 5681 rr,
354 5612 384 5670 3.
401 5607 527 5671 Graeca
546 5607 600 5671 illa
619 5608 765 5672 educatio
784 5609 979 5674 Bardesanis
997 5619 1029 5673 et
1047 5612 1116 5672 eius
1136 5611 1379 5692 discipulorum,
1395 5610 1553 5693 imprimis
1571 5610 1713 5693 Philippi

125 5712 175 5791 qui
184 5712 315 5795 scripsit
324 5712 500 5797 dialogum,
513 5715 652 5798 explicat
661 5714 817 5798 quosdam
829 5715 942 5780 modos
951 5717 1123 5793 scribendi,
1137 5737 1289 5800 graecum
1303 5717 1507 5801 aliquomodo
1520 5717 1710 5780 redolentes.
