4108 6458
287 498 344 561 DE
366 495 640 562 ARGUMENTO
662 499 716 562 ET
738 495 891 564 MUTUA
912 498 1157 563 RELATIONE
1180 501 1500 570 RECENSIONUM.
1633 517 1691 576 687

89 692 199 783 perine
219 692 370 783 ipsoram
395 700 427 759 et
451 686 596 780 pladias
623 701 701 759 tuas
731 690 881 759 comedat
903 712 1022 759 carnes
1045 692 1211 761 cervicum
1233 717 1351 763 eorum
1375 699 1612 789 superbarum.
1630 705 1691 773 Co·

89 847 214 895 aceruo
225 848 327 916 saper
339 845 393 892 eos
408 823 610 913 infortunia,
632 834 668 892 at
682 821 884 916 affliqantar
902 833 934 893 et
947 836 1228 895 consummantur
1238 828 1380 918 spiritns
1398 835 1535 902 eoram!
1548 836 1692 905 Absamc

1 977 2 988 ¹
88 980 144 1027 eos
164 981 211 1026 ea
230 958 375 1039 Oriente,
396 957 484 1025 sicat
502 957 741 1048 consumpsisti
758 966 930 1049 proterens
952 958 1098 1049 Aeqypti
1110 982 1175 1050 per
1200 981 1323 1029 manas
1349 965 1475 1055 Moysis
1504 978 1535 1035 et
1560 970 1688 1039 Aaron.

89 1093 233 1160 luceant
258 1090 425 1159 cadavera
448 1112 563 1159 eorum
587 1112 700 1160 coram
725 1089 922 1159 volatilibus
946 1091 1031 1159 coeli
1050 1102 1082 1160 et
1104 1092 1217 1162 bestiis
1240 1104 1359 1178 terrae,
1384 1119 1444 1166 nec
1467 1100 1513 1169 sit
1534 1103 1594 1192 qai
1615 1125 1692 1172 con·

87 1235 208 1315 qreqet
229 1225 290 1292 cal
308 1222 414 1292 Perde
432 1245 485 1291 eos
509 1232 637 1292 eterra
662 1223 763 1307 citae,
789 1245 849 1293 nec
872 1224 1095 1293 inveniantur
1115 1226 1154 1293 in
1172 1248 1212 1295 ea
1235 1237 1267 1295 et
1289 1227 1400 1298 sciant
1427 1241 1457 1300 te
1478 1255 1547 1302 esse
1568 1237 1686 1320 Deam,

88 1357 152 1448 qai
170 1357 361 1426 dominaris
386 1355 422 1423 ia
443 1366 568 1425 terram
588 1366 620 1425 ct
638 1356 842 1427 habitatores
861 1357 944 1440 cias,
971 1366 1003 1425 et
1018 1356 1063 1426 da
1083 1358 1369 1450 tranquillitatem
1392 1360 1462 1432 loco
1486 1378 1599 1437 nostro
1613 1380 1692 1460 post

89 1512 152 1558 nos
182 1500 214 1559 et
239 1489 285 1558 da
304 1511 425 1582 pacem
455 1488 589 1580 reqioni
612 1500 746 1559 nostrae
774 1500 910 1581 propter
940 1500 1090 1558 nostram
1117 1493 1365 1563 conversionem
1391 1495 1436 1565 acl
1462 1501 1514 1567 tel
1534 1502 1691 1570 Reconci-

89 1623 181 1693 liare
200 1624 341 1693 Domine
358 1645 422 1714 per
442 1623 646 1712 sanquinem
670 1632 876 1693 nostramet
901 1621 1055 1714 relinque
1078 1624 1242 1716 reliquias
1252 1627 1379 1718 popalo
1404 1640 1460 1698 tao
1479 1632 1621 1724 direpto.
1645 1634 1690 1703 Et

89 1752 145 1825 sic
164 1777 289 1851 porra.

166 1888 267 1959 Haec
281 1885 394 1958 verba
408 1883 600 1958 Maruthae
615 1877 691 1957 nori
710 1910 791 1957 esse
805 1885 1037 1958 manifestum
1053 1898 1120 1959 est.
1137 1887 1181 1973 ⁴Si
1197 1890 1294 1961 euim
1314 1903 1441 1965 auctor
1459 1907 1540 1967 orat
1557 1898 1690 1984 Deum,

88 2030 130 2090 ut
150 2024 294 2114 Cyrum,
314 2018 351 2090 id
368 2030 425 2091 est
441 2043 581 2117 regem,
600 2017 662 2117 qui
683 2017 869 2091 Ecclesiae
890 2018 1096 2091 libertatem
1112 2020 1282 2095 restituat
1296 2035 1331 2095 et
1347 2024 1467 2099 diruta
1483 2030 1690 2103 sanctuaria

88 2151 329 2224 reaedificare
344 2151 530 2249 permittat
548 2195 598 2205 —
611 2177 676 2246 pro
691 2154 790 2246 Cyro,
810 2154 958 2225 similem
974 2156 1063 2246 Cyro
1082 2158 1275 2240 constituat,
1299 2157 1411 2230 verba
1430 2158 1493 2231 illa
1513 2174 1597 2233 aute
1614 2165 1692 2235 lez-

89 2284 295 2383 degerdem
311 2287 343 2357 ll
364 2284 524 2381 scripsit,
543 2284 605 2382 qui
626 2285 796 2357 Marutha
815 2284 1080 2385 interveniente
1102 2286 1287 2361 Ecclesiae
1302 2288 1508 2364 libertatem
1524 2295 1689 2392 agnovit.

88 2420 168 2490 Nec
185 2416 418 2516 intelligitur,
435 2442 543 2515 quam
559 2416 605 2490 ob
624 2442 772 2489 causam
788 2430 951 2490 uteretur
966 2417 1135 2490 Maratha
1149 2420 1272 2493 verbis
1290 2434 1366 2494 tam
1381 2423 1482 2497 duris
1504 2439 1539 2499 et
1556 2426 1693 2525 impre-

89 2549 302 2623 cationibus
328 2562 467 2622 tantam
489 2549 628 2622 rabiem
658 2550 920 2635 redolentibus
944 2550 975 2622 si
999 2575 1172 2622 unacum
1195 2553 1409 2628 collectione
1429 2558 1522 2630 hanc
1536 2585 1692 2658 *quoque

90 2682 404 2755 introductionem
425 2682 703 2780 composuisset.
725 2682 924 2782 letdegerd
943 2682 1052 2767 enim,
1071 2683 1176 2756 cuius
1195 2697 1357 2785 tempore
1381 2691 1549 2763 Maratha
1570 2693 1693 2765 Persi-

1 2915 2 2924 *
90 2815 177 2888 deni
206 2814 380 2902 visitavit,
404 2815 623 2893 Christianis
645 2816 802 2902 larebat,
826 2813 995 2889 Maratha
1023 2839 1110 2888 vero
1132 2842 1227 2890 unus
1248 2818 1317 2893 fuit
1335 2821 1591 2921 episcoporum
1617 2826 1694 2898 illo

90 2972 190 3034 rum,
217 2948 278 3045 qui
308 2949 567 3048 lendegerdem
592 2962 743 3047 propter
765 2949 972 3023 libertatem
1002 2948 1187 3022 Ecclesiae
1217 2953 1397 3027 redditam
1429 2958 1605 3030 encomiis
1633 2984 1693 3031 ce·

1 3089 2 3092 ’
90 3078 325 3154 lebrabant¹.

1 3443 2 3458 χ
169 3347 208 3419 7.
236 3346 353 3445 igitur
379 3360 457 3419 tum
488 3346 658 3446 epilogus
691 3360 769 3419 tum
801 3348 1023 3423 introductio
1046 3350 1162 3423 totius
1197 3351 1424 3425 collectionis
1449 3336 1632 3453 'Martyria
1658 3356 1695 3428 in

1 3477 2 3550 l
91 3480 228 3552 eadem
253 3491 424 3552 contenta
450 3491 534 3553 ante
569 3505 697 3578 pacem
722 3481 908 3554 Ecclesiae
936 3509 957 3554 a
984 3483 1205 3582 leudegarde
1232 3485 1410 3558 redditam
1438 3500 1586 3558 exarata
1615 3513 1696 3561 esse

90 3625 328 3711 supponunt;
345 3613 525 3686 terminus
549 3613 665 3711 igitur
690 3613 978 3701 recentissimus,
1002 3616 1063 3714 qui
1084 3617 1176 3689 actis
1201 3619 1358 3691 exaratis
1384 3619 1541 3693 adscribi
1559 3634 1694 3719 potest,

91 3770 220 3818 annus
240 3746 312 3818 407
335 3759 411 3830 θεῖς
430 3771 514 3818 nam
535 3772 630 3819 anno
651 3760 826 3845 sequente
843 3774 932 3845 paee
953 3774 1035 3821 cum
1052 3750 1225 3822 Romanis
1241 3751 1330 3824 inita
1349 3751 1452 3850 Syris
1470 3778 1555 3851 spes
1576 3779 1698 3826 rerum

91 3877 315 3952 mutationis
335 3878 547 3977 effulgebat.

171 4010 241 4083 His
268 4023 390 4084 autem
419 4012 596 4110 expositis
616 4012 866 4111 quaerendum
886 4014 956 4085 erit
980 4015 1100 4111 qualis
1126 4016 1235 4089 luerit
1254 4017 1419 4089 recensio
1445 4017 1507 4090 illa
1532 4020 1713 4118 Martyrii·

93 4149 134 4220 S.
164 4144 363 4232 Simeonis,
389 4170 482 4243 quae
511 4145 549 4217 in
576 4158 702 4218 nostra
728 4145 942 4220 collectione
967 4148 1147 4222 exstabat.
1172 4153 1248 4221 lam
1270 4149 1456 4223 innuimus
1484 4153 1699 4252 Martyrium

93 4284 134 4354 S.
168 4277 354 4351 Simeonis
384 4278 420 4349 in
442 4277 580 4376 duplici
608 4291 751 4351 exstare
776 4281 1001 4367 recensione,
1024 4281 1063 4353 in
1086 4281 1149 4354 illa
1171 4307 1315 4380 nempe,
1338 4308 1446 4381 quam
1469 4309 1536 4357 nos
1556 4284 1625 4357 sub
1644 4284 1702 4358 lit·

91 4413 191 4486 teris
218 4412 293 4498 MS¹
314 4410 543 4510 signavimus
567 4424 603 4485 et
629 4437 737 4511 quam
761 4438 848 4510 prae
873 4414 1005 4486 ceteris
1031 4415 1177 4487 exhibet
1205 4417 1329 4489 Codex
1347 4418 1432 4489 Vat.
1462 4420 1578 4516 Syrus
1602 4419 1700 4490 anti-

93 4543 303 4645 quissimus
326 4545 395 4617 160
415 4555 451 4617 et
470 4544 546 4630 illa,
570 4571 663 4644 quae
684 4546 781 4644 apud
807 4572 874 4619 nos
899 4559 1025 4619 notata
1049 4550 1126 4634 MS,
1149 4549 1286 4647 legitur
1305 4548 1414 4621 etiam
1439 4550 1476 4622 in
1499 4551 1589 4623 Cod.
1612 4552 1698 4624 Vat.

94 4683 197 4779 Syro
222 4677 303 4748 161.
328 4678 435 4749 Haud
457 4703 574 4776 pauca
595 4703 682 4751 vero
702 4679 834 4751 dantur
858 4679 1010 4766 indicia,
1038 4705 1132 4778 quae
1155 4681 1306 4754 alteram
1331 4682 1423 4754 hanc
1448 4684 1700 4756 recensionem

5 4904 8 4915 ³
97 4809 349 4885 recentiorem
370 4836 451 4883 esse
471 4811 663 4886 suadeant.

180 4945 213 5039 l)
240 4944 364 5016 Codex
385 4946 467 5017 Vat.
498 4948 614 5043 Syrus
643 4945 712 5017 160
737 4969 831 5016 anno
860 4945 933 5016 474
956 4957 1128 5018 exaratus
1152 4958 1275 5020 tantae
1304 4960 1360 5021 est
1390 4949 1637 5034 auctoritatis,
1663 4962 1704 5022 ut

95 5102 186 5152 eum
207 5076 502 5175 antiquissimam
517 5076 681 5175 Martyrii
700 5077 951 5150 recensionem
967 5080 1154 5153 continere
1172 5080 1302 5152 merito
1318 5082 1541 5153 censendum
1559 5082 1619 5153 sit.

176 5210 213 5304 2)
236 5209 360 5282 Codex
378 5212 463 5282 Vat.
488 5213 570 5309 Syr.
592 5211 657 5282 161
683 5211 835 5283 alteram
855 5212 1105 5286 recensionem
1130 5212 1335 5286 collectioni
1358 5214 1524 5288 inserens
1546 5214 1705 5313 vestigia

96 5341 299 5418 manifesta
322 5342 444 5442 prodit
470 5343 692 5417 redactionis
715 5344 947 5433 recentioris3
977 5345 1111 5419 etenim
1134 5345 1225 5418 actis
1251 5350 1289 5419 S.
1315 5347 1496 5420 Simeonis
1516 5346 1705 5446 praemisit

96 5489 247 5578 partem
263 5474 564 5550 introductoriam
580 5477 624 5550 de
640 5476 811 5551 laudibus
832 5478 1137 5553 Machabaeorum
1151 5491 1323 5579 agentem
1342 5506 1493 5580 eamque
1513 5478 1703 5554 arbitraria

170 5761 179 5800 ¹
196 5762 318 5837 Braun,
334 5757 406 5824 Das
419 5758 511 5824 Bacb
528 5760 588 5824 der
603 5760 788 5842 Synnados,
819 5783 851 5845 p.
870 5782 904 5825 11.
