4108 6458
380 503 439 562 674
918 484 1163 550 PRAEFATIO
1185 524 1225 533 —
1246 485 1388 552 CAPUT
1412 490 1436 554 l.

455 688 532 758 lloc
552 682 648 755 idem
672 677 803 752 suadet
828 674 1112 774 chronologicus
1134 676 1224 748 ordo
1248 690 1456 751 eventuum.
1488 680 1636 754 Simeon
1658 684 1755 756 enim
1780 710 1878 760 anno
1904 688 1965 758 344

380 830 545 893 13311333
563 827 620 889 331
635 825 672 886 31
686 809 880 885 3331331313
896 807 1154 881 Seleucensem
1169 809 1270 882 iuxta
1284 810 1437 884 Amrum
1463 814 1506 884 18
1527 839 1644 888 annos
1665 818 1758 890 rexit
1781 847 1789 889 ε
1808 819 1845 891 id
1859 833 1914 892 est
1929 820 1967 892 ab

380 951 579 1034 33113336,
605 947 667 1047 qui
680 945 820 1045 primus
842 967 960 1014 annus
980 954 1037 1014 est
1053 954 1137 1038 post
1163 944 1344 1041 synodum
1364 945 1582 1034 Nicaenam3
1608 949 1677 1022 hoc
1703 950 1814 1023 etiam
1837 952 1967 1025 Barbe-

379 1084 512 1158 braeus
534 1079 778 1156 commendat.
803 1074 865 1175 qui
888 1099 971 1148 eum
992 1087 1075 1172 post
1096 1076 1296 1175 paralysim
1322 1103 1436 1151 unum
1462 1105 1597 1153 annum
1621 1082 1760 1157 vixisse
1788 1085 1921 1158 asserit
1937 1099 1967 1157 et

380 1244 495 1291 annos
514 1208 1179 1290 (1113(133111111111111311331313331138.
1197 1210 1295 1283 Milis
1311 1222 1474 1286 statutos
1487 1227 1528 1287 ut
1540 1214 1662 1288 1111333
1678 1230 1829 1290 exactos
1842 1219 1963 1291 reiicit.

454 1352 492 1425 Si
514 1362 636 1423 autern
658 1346 749 1418 hacc
773 1344 882 1416 11333
906 1339 1077 1428 habeant,
1099 1341 1289 1441 probabile
1313 1358 1370 1419 331
1394 1347 1575 1444 synodum
1599 1362 1726 1423 eontra
1747 1354 1885 1449 Papam
1907 1351 1967 1424 sub

378 1484 486 1559 finem
511 1484 595 1556 anni
614 1480 687 1552 324
702 1487 938 1551 convocatam
955 1500 1036 1548 esse
1057 1485 1093 1546 31
1113 1500 1261 1549 causam
1278 1502 1374 1551 anno
1393 1480 1562 1578 sequenti
1579 1506 1600 1553 a
1616 1482 1788 1556 Patribus
1804 1485 1967 1557 Nicaenis

379 1618 564 1692 delinitam
595 1628 630 1688 et
664 1610 883 1712 dignitatem
912 1608 1154 1681 catholicatus
1188 1609 1286 1683 sedis
1323 1610 1557 1686 Seleucensis
1593 1617 1811 1691 auctoritate
1843 1616 1968 1716 synodi

379 1763 553 1826 statutam
576 1747 874 1843 attributamque,
895 1767 966 1841 quo
989 1742 1069 1841 ipso
1090 1768 1185 1816 anno
1207 1743 1355 1817 Simeon
1374 1744 1441 1818 bar
1464 1747 1621 1821 Sabba‘e
1642 1749 1835 1823 coadiutor
1853 1754 1967 1849 Papae

378 1886 415 1957 in
434 1880 704 1984 pontificalibus
725 1877 933 1952 nominatus
954 1887 1110 1948 osteum
1130 1877 1207 1949 iure
1230 1879 1495 1953 successionis.

453 2021 523 2090 Bar
543 2014 731 2089 Hebraeus
747 2024 873 2085 contra
896 2010 940 2082 de
961 2012 1080 2107 Papae
1101 2010 1330 2110 negligentia
1349 2013 1632 2101 sermocinatur,
1651 2015 1710 2088 cui
1725 2016 1836 2090 etiam
1855 2020 1969 2090 Mares

378 2150 590 2237 assentitur,
613 2149 708 2220 inter
732 2144 884 2218 crimina
904 2146 1023 2241 Papae
1048 2141 1193 2215 obiecta
1212 2168 1418 2217 memorans
1440 2169 1524 2219 eum
1546 2147 1674 2246 plures
1697 2149 1892 2248 episcopos
1912 2149 1968 2221 uui

379 2283 569 2380 eidemque
589 2281 670 2354 loeo
685 2276 944 2380 praeposuisse
958 2279 980 2350 ¹.
1003 2278 1076 2347 Res
1095 2274 1226 2348 saltem
1243 2278 1364 2375 quoad
1380 2279 1506 2352 sedem
1527 2283 1596 2353 Bet
1615 2285 1860 2380 Lapatensem
1879 2296 1970 2355 certa

379 2430 451 2501 est;
470 2441 553 2488 nam
575 2417 654 2501 tls,
668 2412 726 2509 (ab
739 2410 857 2506 initio)
875 2409 967 2482 duos
983 2408 1177 2506 episcopos
1192 2408 1357 2484 eiusdem
1373 2412 1533 2485 civitatis
1549 2439 1621 2486 una
1640 2440 1723 2487 cum
1744 2417 1782 2489 S.
1807 2415 1969 2488 Simeone

379 2550 521 2622 occisos
545 2560 668 2620 narrat
691 2574 698 2618 :
719 2542 921 2619 Gadiabum
944 2583 1045 2634 aaa.
1066 2542 1278 2641 (Gdayalbl)
1300 2558 1336 2616 et
1359 2545 1555 2618 Sabianam
1578 2576 1663 2624 nm
1686 2574 1751 2621 seu
1777 2551 1972 2641 13333183-

379 2680 515 2776 bina?);
534 2695 570 2753 et
591 2679 686 2752 idem
705 2677 921 2752 observatur
940 2677 976 2748 in
996 2675 1137 2775 synodo
1163 2679 1241 2748 Mar
1260 2677 1390 2764 lsaaci,
1408 2680 1554 2777 quando
1575 2680 1665 2752 haec
1686 2679 1969 2779 subscriptiones

379 2815 488 2887 trium
505 2811 888 2912 conmetropolitarnm
908 2813 975 2881 Bet
994 2809 1252 2907 Lapatensium
1276 2810 1441 2908 accipere
1457 2824 1493 2884 31
1512 2825 1611 2885 13133
1632 2813 1766 2887 habere
1787 2814 1903 2887 noluit
1922 2839 1970 2885 ra·

380 2948 515 3021 tionem
533 2972 613 3021 eam
628 2945 837 3044 assignans,
854 2942 951 3041 quod
972 2942 1142 3040 Synodus
1161 2967 1234 3014 non
1250 2943 1382 3041 accipit
1402 2943 1495 3016 duos
1515 2945 1573 3017 vel
1590 2945 1713 3045 plures
1729 2947 1922 3045 episcopos
1936 2946 1969 3017 in

381 3104 453 3154 una
468 3081 612 3154 civitate
629 3079 836 3151 habitantes
847 3078 874 3147 ².
893 3078 950 3147 An
965 3074 1087 3173 praxis
1102 3074 1193 3147 haec
1213 3074 1363 3148 abusiva
1381 3102 1403 3149 a
1418 3080 1497 3150 Mar
1512 3081 1611 3176 Papa
1627 3079 1835 3152 introducta
1854 3078 1969 3161 luerit,
2041 3102 2042 3169 y

382 3214 516 3312 pariter
535 3215 712 3286 incertum
740 3224 808 3298 est,
831 3209 900 3282 etsi
923 3208 1094 3281 facillime
1120 3208 1405 3307 intelligeretur3
1428 3211 1496 3283 hae
1516 3210 1687 3285 videlicet
1714 3213 1855 3285 ratione
1879 3215 1972 3309 Papa

381 3347 487 3420 facile
507 3345 720 3446 praepedire
743 3343 923 3442 potuisset
943 3367 988 3413 ne
1009 3341 1170 3439 episcopi
1191 3342 1371 3414 Huzitidis
1392 3343 1462 3416 sibi
1482 3345 1750 3442 praevalerent,
1769 3345 1870 3418 iuxta
1890 3344 1973 3417 ada-

383 3480 484 3579 gium
507 3508 514 3550 :
544 3509 560 3550 u
584 3478 704 3550 divide
725 3489 761 3549 31
780 3476 917 3574 impera
940 3506 972 3546 ».
991 3476 1181 3573 Agapetus
1198 3476 1289 3573 ipse,
1308 3475 1370 3575 qui
1388 3461 1493 3549 tanton
1510 3477 1589 3551 zelo
1610 3478 1885 3578 praerogativas
1902 3481 1975 3549 Mar

383 3613 550 3699 Dadiso',
566 3610 797 3693 defendebat,
812 3608 992 3706 aSynodo
1006 3609 1121 3679 lsaaci
1137 3608 1184 3680 ob
1198 3610 1446 3708 arrogantiam
1460 3611 1751 3709 reprehenditur,
1766 3624 1802 3683 31
1816 3634 1975 3711 unacum

385 3749 484 3818 blare
503 3749 589 3839 (Bar
613 3744 725 3817 Sabta
749 3743 917 3840 aliisque)
936 3740 1120 3814 ambitiosi
1144 3755 1296 3815 conatus
1320 3742 1497 3841 primatus
1525 3744 1724 3842 arripiendi
1749 3744 1973 3817 accusatur³.

458 3996 493 4067 7.
525 3998 649 4092 ltaque
678 3993 715 4065 S.
745 3990 891 4063 Simeon
922 3989 1110 4062 coadiutor
1137 3993 1256 4088 Papae
1287 4016 1382 4062 anno
1413 3990 1651 4089 probabiliter
1676 3992 1746 4063 325
1781 4017 1803 4064 3
1838 3988 1975 4090 synodo

386 4128 546 4199 Nieaana
566 4125 714 4225 agnitus
734 4137 789 4197 ost
809 4136 845 4195 31
865 4149 960 4195 3333
980 4123 1146 4222 sequenti
1168 4122 1287 4194 eidem
1308 4125 1501 4196 successit.
1525 4127 1578 4196 De
1601 4123 1709 4196 rebus
1729 4124 1775 4197 ab
1796 4150 1839 4197 eo
1859 4121 1972 4223 gestis

386 4286 501 4359 usquc
518 4259 564 4332 ad
579 4273 731 4331 mortem
751 4258 830 4330 eius
849 4257 1033 4329 heroicam
1054 4255 1143 4328 nihil
1164 4255 1234 4328 fide
1254 4256 1406 4355 dignum
1428 4283 1449 4329 a
1476 4257 1580 4357 Syris
1599 4257 1773 4343 traditur3
1797 4283 1842 4330 ex
1861 4254 1978 4354 operi·

386 4393 455 4465 bus
480 4392 676 4490 hphraatis
702 4390 991 4463 concludendum
1011 4389 1107 4461 rixas
1136 4401 1172 4461 31
1201 4388 1404 4461 discordias
1434 4390 1529 4463 inter
1548 4391 1741 4489 episcopos
1765 4388 1893 4463 ditioni
1916 4390 1981 4460 Sa-

387 4526 486 4624 poris
516 4524 682 4596 subditos
703 4523 850 4595 minime
878 4548 1056 4611 33333333,
1086 4535 1122 4594 31
1145 4521 1251 4594 valde
1276 4521 1464 4620 probabile
1494 4535 1549 4595 est
1580 4523 1728 4596 easdem
1757 4522 1983 4595 occasionem

388 4657 704 4757 persecutionibus
731 4656 880 4757 Saporis
907 4656 1065 4729 dedisse.
1090 4655 1260 4741 Homilia,
1285 4655 1342 4728 vel
1372 4656 1493 4755 potius
1514 4656 1669 4755 epistola
1695 4656 1879 4755 encyclica
1900 4653 1983 4727 XIV

388 4791 922 4890 Aphraatisanno3l14mense
939 4788 1121 4861 februario
1141 4802 1287 4862 exarata
1308 4802 1363 4861 sat
1384 4802 1508 4887 aperte
1522 4789 1651 4862 alludit
1666 4789 1712 4862 ad
1732 4821 1748 4855 a
1767 4788 1949 4887 principes
1966 4812 1982 4853 1

390 4950 541 5022 quorum
575 4923 707 5022 aliquis
741 4949 822 4996 cum
854 4949 875 4994 a
907 4947 972 4995 sua
1005 4923 1192 5019 provincia
1228 4948 1300 4996 non
1334 4923 1569 5021 reciperetur,
1599 4948 1707 5023 reges
1739 4921 1831 4995 alios
1861 4917 1983 5019 procul

390 5056 568 5129 distantes
593 5057 699 5144 adiit,
723 5070 870 5129 catenas
893 5056 1110 5153 vinculaque
1136 5055 1181 5127 ab
1205 5056 1259 5127 cis
1283 5056 1532 5154 expostulem,
1555 5081 1648 5154 quae
1672 5056 1709 5127 in
1737 5055 1925 5154 regionem
1950 5062 1983 5122 et

391 5190 573 5263 civitatem
600 5216 704 5263 suam
730 5189 917 5262 distribuit
940 5199 989 5283 (n.
1013 5192 1057 5281 8).
1084 5192 1136 5261 De
1163 5214 1321 5288 quonam
1346 5202 1477 5262 eventu
1500 5189 1558 5261 hic
1585 5201 1717 5289 agatur
1743 5189 1820 5260 erui
1846 5185 1980 5283 nequit,

394 5355 410 5391 «
430 5350 557 5423 regum
575 5323 789 5397 distantium
812 5354 829 5389 »
857 5322 992 5394 mentio
1012 5322 1174 5396 alludere
1194 5323 1339 5397 videtur
1362 5324 1408 5396 ad
1432 5327 1620 5423 Saporem,
1644 5324 1748 5395 cuius
1769 5316 1982 5394 interventio

452 5529 462 5566 ⁴
482 5527 661 5601 Gismondi,
679 5549 731 5609 op.
748 5529 813 5605 cit,
834 5545 910 5609 pag.
930 5526 994 5588 tet
1009 5546 1084 5611 pag.
1103 5532 1132 5589 7.

454 5636 466 5672 ²
482 5634 601 5709 Braun,
618 5657 671 5717 op.
686 5638 752 5713 cit,
770 5654 801 5717 p.
819 5638 868 5696 31.

452 5742 558 5804 ³Ibr'd.
576 5763 608 5826 p.
626 5746 664 5803 28
679 5761 729 5824 sq.
