4132 6466
359 489 435 547 roa.
499 435 501 439 ’
738 570 744 580 ῃ
1031 478 1289 545 celerano.

430 647 465 717 4.
490 648 584 717 Tota
603 642 862 743 Apocalypsis,
882 640 977 714 sicut
999 640 1106 715 nobis
1127 604 1164 712 iri
1180 640 1316 715 Codice
1332 641 1577 714 Ambrosiano
1596 643 1794 740 praeiacet,
1821 669 1867 717 ex
1891 645 1966 715 lin-

357 805 431 878 gua
450 802 583 877 graeca
602 776 640 848 in
660 777 841 875 syriacam
860 775 1039 848 translata
1061 786 1131 847 est.
1152 777 1229 846 lloc
1250 773 1381 845 suadet
1399 773 1652 847 testimonium
1670 775 1786 872 ipsius
1807 777 1965 850 Codicis

355 910 604 997 Ambrosiani,
622 909 685 982 ubi
705 908 951 1008 Apocalypsis
967 933 1012 980 ex
1029 906 1157 1004 lingua
1175 931 1311 1006 graeca
1331 907 1368 978 in
1388 907 1555 1005 linguam
1573 908 1755 1004 syriacam
1775 910 1965 981 translata
2056 968 2057 1023 ;

357 1069 439 1117 esse
468 1043 618 1127 dicitur3
654 1042 752 1114 idem
780 1041 921 1114 eruitur
949 1066 994 1112 ex
1027 1039 1174 1112 indiciis
1205 1040 1379 1125 internis3
1413 1052 1455 1112 nt
1487 1065 1605 1139 pauca
1632 1054 1776 1113 tantum
1805 1043 1965 1115 innuam
2056 1048 2057 1077 ¹

356 1182 441 1264 dud
464 1177 502 1248 iu
524 1175 796 1274 significatione
822 1183 937 1272 κόσμος
958 1185 1157 1271 usurpatur
1186 1175 1257 1269 (nr,
1277 1174 1328 1269 7).
1350 1173 1567 1245 Translator
1590 1173 1830 1248 nihilominus
1858 1177 1965 1248 haud
2056 1200 2057 1263 ζ

355 1311 503 1383 omnino
534 1335 600 1407 par
630 1308 782 1406 negotio
814 1307 884 1380 sibi
913 1306 1104 1406 proposito
1135 1306 1250 1379 luisse
1277 1305 1441 1391 videtum
1475 1305 1529 1378 sic
1559 1333 1593 1378 v.
1626 1326 1707 1375 aaa·
1737 1308 1964 1404 (incensum)

357 1443 477 1515 reddit
496 1467 671 1540 graecum
693 1440 912 1513 vocabulum
930 1445 1126 1536 dapar-lpus
1153 1441 1216 1536 (ιι,
1250 1441 1297 1532 7),
1324 1456 1406 1507 ιω
1428 1452 1595 1537 usurpat,
1624 1439 1687 1512 nbi
1715 1439 1967 1538 probabiliter

245 1612 249 1617 ·
355 1575 393 1647 in
412 1588 515 1648 textu
532 1599 666 1674 graeco
685 1581 766 1671 ἀρχὴ
782 1572 978 1673 legebatur
993 1572 1031 1644 in
1052 1570 1323 1670 significatione
1342 1598 1359 1641 ι
1383 1571 1540 1668 imperii,
1560 1573 1791 1681 potestatis»
1812 1576 1948 1670 (xxvnr
2056 1600 2057 1625 ι

1954 1634 1963 1670 i

355 1709 395 1794 7,
411 1735 469 1794 ιιι,
487 1708 535 1802 3).
555 1710 596 1779 Ιιι
613 1706 812 1807 periodicis
828 1705 1022 1779 sententiis
1039 1704 1304 1778 transferendis
1318 1704 1511 1802 imperitus
1531 1706 1819 1803 deprehenditur
1834 1712 1959 1800 (ιιιιιι,

355 1843 396 1927 6;
418 1868 514 1927 nxvr,
533 1841 582 1935 2).
607 1844 704 1913 llaec
728 1840 759 1912 si
781 1839 1067 1938 perpendantur,
1085 1838 1123 1910 in
1144 1849 1248 1910 textu
1269 1838 1414 1937 syriaco
1437 1838 1693 1911 transferendo
1716 1851 1752 1912 et
1771 1840 1809 1911 in
1831 1841 1967 1939 inqui-

356 1973 553 2047 sitionibus
573 1974 619 2045 ad
640 1984 826 2046 auctorem
849 1972 971 2070 operis
994 1969 1247 2071 spectantibus
1270 1970 1427 2043 maxima
1452 1971 1622 2044 cautione
1647 1997 1741 2068 opus
1768 1987 1842 2057 est3
1871 1988 1966 2048 ante

356 2107 479 2179 omnia
507 2131 660 2180 necesse
691 2106 761 2178 orit
793 2117 934 2178 textum
961 2129 1135 2204 graecum
1163 2103 1357 2177 restituere
1384 2128 1453 2202 ope
1481 2103 1737 2177 translationis
1767 2108 1963 2205 syriacae,

355 2252 444 2312 tunc
468 2237 613 2311 demum
634 2237 813 2336 possibile
839 2238 908 2311 erit
932 2235 1254 2334 disquisitionibus
1274 2234 1538 2309 minutioribus
1562 2261 1712 2333 operam
1731 2238 1831 2312 dare.
1855 2243 1967 2312 llanc

357 2371 404 2444 ob
430 2372 608 2444 rationem
635 2396 777 2443 errasse
803 2383 975 2470 putamus
1008 2383 1086 2442 tum
1117 2369 1270 2442 Charles
1299 2381 1378 2442 tum
1407 2368 1554 2467 Ryssel,
1582 2369 1645 2468 qui
1671 2370 1849 2469 plurimas
1876 2398 1968 2445 cor-

357 2504 540 2577 rectiones
566 2517 689 2577 textus
709 2503 807 2576 haud
827 2528 910 2576 raro
935 2503 1013 2576 sine
1037 2503 1258 2576 necessitate
1282 2500 1442 2574 evidenti
1466 2516 1751 2600 proposuerunt.
1777 2508 1870 2578 ltem
1890 2506 1968 2577 im·
2056 2506 2057 2539 r

357 2636 535 2736 possibile
557 2649 728 2734 putamus
751 2635 1030 2734 disquisitiones
1051 2636 1244 2709 instituere
1264 2659 1347 2706 cum
1367 2634 1467 2708 exitu
1487 2635 1611 2734 aliquo
1638 2649 1739 2709 certo
1768 2637 1814 2710 de
1844 2663 1969 2736 quae-

359 2770 478 2843 stione
503 2769 566 2842 illa
590 2768 742 2854 difficili,
768 2795 877 2867 quam
901 2772 955 2842 De
981 2772 1078 2868 Faye
1099 2780 1135 2841 et
1160 2766 1323 2840 Kabisch
1345 2780 1383 2839 et
1402 2768 1549 2840 demum
1573 2768 1726 2842 Charles
1751 2785 1966 2854 moverunt,

359 2915 480 2974 utrum
495 2900 666 2975 videlicet
682 2915 809 2976 auctor
829 2901 1106 3001 Apocalypseos
1125 2901 1180 2973 vir
1198 2925 1308 2983 unus,
1331 2924 1377 2972 an
1397 2899 1523 2998 plures
1539 2901 1688 2975 luerint.
1714 2906 1812 2976 Haeo
1836 2918 1970 2977 antem

360 3036 527 3132 quaestio
553 3035 689 3133 pendet
716 3061 737 3107 a
762 3035 938 3122 relatione
964 3033 1243 3132 Apocalypseos
1272 3032 1416 3105 Baruch
1445 3059 1466 3105 a
1494 3032 1589 3107 libro
1614 3036 1665 3109 lV
1693 3035 1832 3109 Esdrae
1861 3050 1969 3136 recte
2056 3026 2057 3039 ¹

359 3149 559 3242 intellecta.
584 3170 660 3240 lam
676 3168 773 3240 enim
790 3167 917 3240 llwald
934 3166 1122 3266 perspexit
1144 3165 1341 3277 analogias·
1355 3177 1478 3238 tantas
1498 3167 1593 3239 inter
1612 3167 1720 3240 ambo
1743 3168 1833 3241 haec
1849 3194 1971 3267 opera
2056 3158 2057 3165 ἵ

359 3300 599 3389 intercedere,
620 3312 662 3373 ut
683 3300 876 3398 utriusque
898 3301 1021 3399 operis
1048 3324 1163 3372 unum
1186 3298 1417 3396 eundemque
1440 3311 1629 3372 auctorem
1655 3325 1737 3374 esse
1760 3304 1964 3399 putaverit.

268 3489 271 3497 .
361 3435 459 3505 Haec
479 3432 662 3506 sententia
682 3432 831 3529 quidem
852 3433 924 3504 iam
944 3431 1081 3504 dudum
1102 3430 1276 3504 oblivioni
1296 3431 1433 3502 tradita
1451 3443 1522 3515 est,
1541 3442 1703 3505 attamen
1722 3458 1850 3505 omnes
1872 3460 1970 3507 con·
2056 3480 2057 3505 ι

360 3567 508 3650 cedunt,
529 3564 663 3668 librum
693 3566 832 3637 Esdrae
864 3566 909 3638 ab
932 3564 1157 3664 Apocalypsi
1181 3563 1338 3646 Baruch,
1359 3562 1416 3635 vel
1444 3563 1524 3637 vice
1551 3590 1660 3638 versa
1682 3565 1864 3664 pendere3
1889 3592 1970 3639 non

360 3710 483 3771 autem
506 3696 803 3777 consentiuntjn
828 3696 1037 3770 definienda
1055 3696 1246 3794 prioritate
1271 3695 1447 3768 librorum
1472 3696 1640 3769 istorum.
1659 3699 1755 3770 Dum
1777 3700 1878 3770 enim
1901 3725 1970 3772 an·
2056 3708 2057 3717 ²

359 3830 539 3929 tiquiores
577 3833 758 3928 (Langen,
797 3829 1027 3929 Hilgenfeld,
1068 3828 1267 3914 Wieseler,
1301 3828 1484 3913 Stabelin,
1524 3832 1666 3912 Renan,
1712 3832 1967 3929 Drummond‚
2056 3830 2057 3833 '

363 3962 578 4048 Rosenthal,
608 3961 805 4055 Dillmann)
832 3961 966 4034 librum
997 3962 1134 4034 Esdrae
1161 3960 1406 4059 antiquiorem
1431 3962 1663 4060 prioremque
1688 3963 1966 4049 existimarunt,
2056 3996 2057 4019 ι

361 4096 584 4168 recentiores
612 4094 711 4167 docti
740 4094 967 4193 prioritatem
992 4093 1270 4194 Apocalypseos
1300 4093 1445 4166 Baruch
1477 4082 1970 4201 defenduntuWellhansen
2056 4112 2057 4125 ¹

361 4240 535 4325 provocat
577 4227 622 4299 ad
654 4227 817 4299 'vividam
851 4227 1161 4325 dramaticamque
1196 4226 1483 4324 descriptionem
1518 4227 1629 4301 Urbis
1668 4253 1831 4313 eversae,
1868 4256 1968 4328 quae

360 4371 493 4431 testem
529 4358 715 4432 oculatum
745 4374 944 4457 supponat:
975 4372 1167 4457 praeterea
1193 4383 1238 4431 ex
1266 4359 1347 4457 ipso
1376 4359 1523 4432 nomine
1554 4360 1716 4447 Baruch,
1746 4361 1852 4433 cuius
1878 4388 1969 4460 per-

362 4515 491 4563 sonam
523 4505 650 4564 auctor
681 4491 765 4565 libri
799 4491 972 4579 assumit,
998 4492 1184 4564 concludit
1220 4491 1353 4564 librum
1386 4492 1530 4564 Baruch
1564 4492 1683 4565 Esdra
1716 4494 1967 4591 antiquiorem

363 4648 462 4708 esse3
489 4624 521 4695 si
543 4624 640 4696 enim
662 4624 797 4696 Esdras
821 4637 906 4698 ante
931 4624 1074 4697 Baruch
1100 4623 1323 4722 scripsisset,
1347 4624 1426 4697 sine
1451 4624 1564 4696 dubio
1586 4650 1720 4699 nomen
1748 4627 1872 4725 potius
1891 4628 1967 4699 viri
2056 4666 2057 4715 ι

364 4754 463 4827 illius
487 4755 676 4855 elegisset,
704 4757 767 4854 qui
796 4758 901 4830 testis
930 4757 1018 4830 olim
1048 4770 1126 4829 erat
1151 4756 1321 4829 oculatus
1348 4758 1467 4830 eversi
1493 4759 1700 4831 Sanctuarii
1726 4758 1967 4858 civitatisque

365 4913 508 4974 sacrae3
523 4889 670 4963 invento
692 4901 815 4962 autem
829 4890 937 4975 libro,
952 4890 1057 4962 cuius
1078 4903 1205 4986 auctor
1227 4914 1362 4961 nomeu
1378 4891 1522 4962 Baruch
1542 4890 1615 4962 iam
1637 4891 1780 4988 pridem
1802 4917 1967 4991 usurpa-

362 5020 468 5106 verit,
492 5022 768 5119 pseudonymon
789 5024 926 5095 Esdrae
953 5023 1091 5121 eligere
1120 5022 1301 5095 maluerit.
1330 5024 1448 5116 Quam
1470 5023 1610 5095 incerta
1642 5023 1732 5096 haec
1763 5049 1967 5124 argumen-

364 5153 455 5225 tatio
472 5153 520 5226 sit
535 5155 665 5228 exinde
690 5154 903 5242 concludas,
926 5156 1024 5253 quod
1043 5155 1126 5240 viri,
1145 5179 1238 5251 quos
1260 5179 1371 5251 supra
1393 5154 1554 5241 laudavi,
1576 5156 1708 5229 iisdem
1734 5158 1968 5255 argumentis
2056 5214 2057 5245 ,

363 5285 592 5383 prioritatem
629 5288 767 5360 Esdrae
798 5287 1064 5362 defendebant.
1096 5290 1368 5386 Argumentum
1403 5312 1490 5359 vero
1524 5287 1680 5360 alterum
1719 5288 1967 5362 Wellhausen

365 5418 472 5516 plane
501 5420 605 5493 lutile
632 5434 702 5494 est.
740 5420 832 5515 Quis
864 5421 966 5495 novit
993 5421 1174 5492 rationem
1203 5420 1357 5518 lingere,
1394 5418 1441 5491 ob
1479 5446 1589 5517 quam
1623 5434 1750 5494 auctor
1778 5422 1968 5521 Apocaly-

362 5576 472 5649 pseos
495 5552 646 5626 alterius
668 5579 799 5626 nomen
826 5554 963 5626 Esdrae
990 5552 1168 5650 elegerit?
1194 5553 1253 5623 Au
1272 5576 1346 5623 non
1375 5552 1558 5649 potuisset
1590 5547 1662 5625 alia
1681 5552 1830 5625 nomina
1856 5579 1967 5627 coae-

364 5710 492 5757 vorum
520 5687 663 5758 Baruch
686 5686 872 5759 invenire?
893 5688 1021 5783 Aeque
1043 5686 1183 5757 ineerta
1208 5697 1264 5756 est
1290 5685 1458 5781 quaestio
1479 5686 1613 5772 altera,
1635 5710 1746 5785 quam
1764 5686 1966 5790 separatim
