4132 6466
770 480 1028 547 PRAEFATIO.
1614 493 1691 553 1062

87 650 179 723 31131
206 648 253 722 31)
286 649 402 721 311313
436 644 599 718 Kabisch
632 656 669 717 et
699 642 752 716 De
779 646 876 740 Faye
906 656 1115 726 moverunt,
1139 646 1406 721 contendentes
1429 650 1690 749 Apocalypsim

89 781 233 855 Barucb
266 781 311 854 ab
339 780 463 877 aliquo
493 779 683 861 redactore
716 802 760 849 ex
785 776 942 849 diversis
968 775 1265 875 Apocalypsibus
1291 780 1561 880 antiquioribus
1589 808 1692 856 com·

86 915 238 1013 pilatum
272 938 368 987 3333.
400 911 568 986 Assentit
596 909 707 983 etiam
732 908 899 993 Charles,
928 909 991 1007 qui
1020 910 1113 982 hanc
1145 912 1367 985 sententiam
1388 914 1544 987 ulterius
1571 916 1690 989 adhuc

88 1046 236 1121 evolvit.
266 1046 340 1119 Alii
371 1045 490 1129 docti,
513 1042 693 1142 imprimis
722 1042 892 1125 Clemen,
916 1042 1175 1115 contradicunt
1204 1056 1240 1117 et
1271 1047 1473 1121 sententias
1501 1048 1692 1122 doctorum

87 1180 234 1253 illorum
261 1180 307 1252 ad
329 1192 469 1252 textum
494 1175 772 1275 Apocalypseos
795 1174 889 1248 lalso
913 1175 1141 1248 intellectum
1167 1176 1347 1251 reducunt
1371 1204 1440 1252 nec
1468 1181 1692 1255 differentias

24 1302 28 1311 ’
88 1312 163 1386 31111
187 1335 382 1409 rerumque
406 1310 455 1383 ad
478 1308 696 1408 religionem
719 1307 981 1407 pertinentium
1000 1310 1316 1408 (quaeprnecipue
1337 1312 1491 1386 Charles
1509 1313 1692 1414 iustoplus

88 1450 211 1545 urget)
238 1458 362 1519 tantas
385 1468 468 1517 3333
489 1455 633 1541 putant,
659 1440 857 1539 exquibus
877 1440 1048 1539 concludi
1073 1441 1193 1542 possit
1217 1444 1479 1544 Apocalypsim
1505 1447 1693 1521 Baruoha

88 1577 256 1678 pluribus
280 1576 493 1650 unctoribus
513 1548 753 1673 compositam
774 1598 870 1647 esse.
894 1574 1030 1674 Negari
1058 1574 1206 1671 quidem
1229 1577 1357 1675 nequit
1381 1578 1524 1677 aliquas
1547 1593 1692 1655 senten·

87 1711 160 1784 tias
186 1695 380 1783 manifesto
404 1709 537 1782 falsum
556 1707 723 1782 obtinere
748 1688 869 1779 locum
898 1707 936 1778 in
965 1720 1067 1780 textu
1094 1706 1238 1806 syriaco
1264 1710 1333 1805 (Cl.
1359 1737 1487 1798 xnvm,
1514 1713 1561 1787 48
1585 1738 1688 1813 sqq.;

88 1871 151 1929 111,
179 1846 202 1913 6
227 1868 328 1942 sqq.;
353 1870 425 1928 mv,
449 1842 493 1913 16
518 1848 614 1939 sqq.)
646 1865 714 1913 nec
736 1840 821 1912 illuc
846 1864 909 1912 333
933 1840 1136 1937 pertinere,
1166 1840 1229 1914 uhi
1250 1842 1358 1915 hodie
1380 1843 1577 1943 leguntur3
1605 1846 1692 1919 item

89 1976 355 2050 admittendum
384 1986 441 2048 est
468 1975 686 2073 quandoque
714 1972 1025 2045 contradictiones
1056 1972 1096 2044 in
1121 1973 1347 2073 Apocalypsi
1371 1975 1608 2076 deprehendi,
1639 1980 1691 2051 uti

87 2137 122 2182 v.
146 2136 204 2210 gr.
222 2136 325 2195 nvnr,
347 2110 371 2180 4
392 2108 517 2207 agitur
535 2107 584 2187 de
609 2106 791 2180 mensuris
807 2106 1014 2179 Sanctnorii
1033 2107 1190 2178 hodierni
1211 2110 1275 2199 (1163
1304 2112 1398 2199 tireio)
1414 2109 1501 2182 dum
1516 2112 1692 2209 templum

89 2244 250 2317 dirutum
274 2268 357 2316 esse
378 2241 610 2340 supponitur,
629 2264 722 2338 quae
745 2238 853 2311 simul
875 2263 1083 2337 repugnare
1107 2239 1279 2312 videntur
1306 2241 1451 2314 illorum
1471 2245 1690 2331 sententiae,

88 2376 152 2475 qui
185 2375 319 2449 librum
358 2375 454 2447 hunc
490 2386 574 2477 post
614 2372 842 2446 eversionem
876 2371 1004 2470 templi
1042 2372 1291 2471 conscriptum
1330 2400 1412 2447 esse
1451 2377 1690 2457 contendunt,

88 2508 177 2581 dum
194 2508 351 2581 maxima
370 2507 453 2581 libri
472 2531 559 2605 pars
581 2506 675 2578 hanc
695 2504 866 2605 suggerit
885 2502 1115 2577 sententiam.
1141 2507 1268 2605 Longo
1288 2507 1360 2579 alia
1385 2520 1508 2582 tamen
1526 2509 1693 2607 quaestio

89 2656 159 2728 est,
182 2667 230 2714 an
249 2666 294 2714 ex
313 2640 529 2714 eiusmodi«
548 2638 680 2712 erratis
702 2666 786 2708 3-
809 2660 964 2735 quorum
984 2650 1112 2710 auctor
1137 2651 1300 2711 ceterum
1322 2638 1516 2738 ignoratur
1537 2685 1586 2698 -
1607 2668 1693 2717 sen-

88 2775 207 2848 tentia
232 2773 449 2871 complicata
468 2771 620 2845 Churles
645 2772 690 2845 de
716 2770 861 2870 origine
883 2769 967 2843 libri
993 2770 1237 2844 demonstrari
1261 2774 1401 2870 possit,
1431 2774 1562 2849 saltem
1590 2801 1692 2874 spec·

88 2922 165 2982 tata
180 2905 440 2980 insufficientia
453 2905 627 2978 materiae
643 2904 792 2978 criticae
809 2915 886 2975 tota
901 2902 1096 2975 methodus
1113 2903 1265 2978 Cbarles
1282 2907 1445 3002 speciem
1465 2911 1693 3007 argutiarum

88 3066 178 3140 prae
203 3065 243 3113 se
271 3040 352 3114 lert.
379 3082 421 3092 -
457 3042 556 3111 later
589 3037 825 3122 recentiores,
852 3049 893 3109 ut
920 3036 1102 3120 noverim,
1128 3037 1230 3110 solus
1264 3037 1503 3112 Friedlttnder
1530 3041 1693 3115 defendit
1804 3026 1808 3033 ¹

88 3177 206 3272 Apoc.
239 3173 384 3247 Baruch
417 3183 501 3244 ante
531 3170 759 3245 eversionem
788 3168 934 3267 templi,
959 3181 1125 3267 tempore
1154 3169 1295 3242 scilicet
1326 3172 1477 3269 Pompei
1508 3186 1694 3247 exaratam

89 3332 187 3391 esse,
210 3320 363 3379 eventus
387 3306 566 3390 funestos,
591 3304 637 3376 ad
657 3328 750 3402 quos
774 3302 911 3375 ibidem
931 3302 1106 3376 continuo
1127 3302 1316 3397 alluditur,
1338 3304 1500 3377 referens
1525 3306 1572 3378 ad
1598 3321 1693 3380 tem-

88 3440 191 3537 plum
214 3464 236 3511 a
266 3439 440 3511 Romanis
468 3438 531 3511 illo
563 3450 728 3533 tempore
760 3436 1012 3534 profanatum
1038 3460 1106 3509 uec
1132 3448 1256 3509 tamen
1277 3437 1483 3510 sententiae
1513 3463 1601 3513 3333
1632 3465 1693 3512 13-

88 3573 212 3646 tiones
232 3550 439 3644 accuratius
464 3569 625 3670 exponit.
650 3614 695 3623 -
721 3569 852 3642 Adhuc
875 3568 1077 3642 notandum
1099 3582 1155 3641 cst
1179 3569 1387 3666 epistolam,
1412 3596 1522 3670 quam
1549 3574 1692 3645 Barucb

89 3732 224 3793 31111311,
242 3707 299 3777 12.
320 3706 377 3779 l8.
396 3730 436 3777 se
450 3704 497 3777 ad
516 3703 609 3776 duas
621 3702 744 3776 tribus
759 3714 796 3775 ct
808 3701 997 3775 dimidiam
1010 3701 1208 3774 missurum
1224 3678 1692 3801 essepollicetur,Charles

90 3864 175 3912 cum
197 3838 352 3937 epistola
369 3837 545 3911 canonica
564 3836 791 3909 identificare
815 3834 923 3921 velle,
949 3860 1042 3932 quae
1065 3835 1101 3906 in
1123 3834 1283 3909 editione
1309 3837 1472 3935 Vulgata
1488 3838 1534 3911 ad
1555 3838 1692 3913 calcem

92 3973 312 4070 scriptorum
344 3971 518 4044 leremiae
545 3970 714 4069 apposita
742 3981 812 4054 est,
843 3981 884 4041 ut
913 3968 1042 4041 eadem
1070 3968 1131 4053 sit,
1154 3995 1263 4067 quam
1294 3969 1439 4042 Barucb
1462 3971 1509 4042 ad
1538 3972 1629 4045 luda
1656 3986 1693 4045 et

92 4104 284 4178 Beniamin
309 4104 492 4176 direxerit.
520 4106 751 4202 Argumenta
775 4114 951 4186 ceterum,
979 4126 1071 4198 quae
1094 4102 1141 4173 ad
1162 4102 1395 4200 hypothesim
1422 4103 1515 4176 hanc
1532 4105 1693 4202 proban-

92 4237 176 4309 dam
195 4262 248 4331 op.
270 4240 328 4309 cit.
347 4262 434 4337 pag.
456 4264 524 4309 nxv
544 4235 725 4335 congerit,
746 4234 873 4308 tenuia
892 4233 1000 4306 nimis
1021 4247 1107 4306 sunt
1126 4257 1194 4307 nec
1215 4235 1414 4333 quidquam
1433 4236 1590 4334 probare
1610 4262 1693 4310 cen·

92 4370 208 4444 aenda
225 4382 329 4455 sunt3
351 4395 436 4443 nam
460 4372 493 4465 1)
516 4385 600 4469 post
620 4368 897 4467 inscriptionem
913 4368 1128 4465 prophetiae
1145 4368 1289 4441 Barucb
1305 4395 1336 4440 c.
1361 4397 1386 4440 r.
1410 4369 1501 4442 nihil
1517 4371 1690 4455 occurrit,

93 4503 192 4600 quod
224 4516 403 4602 suggerat
439 4503 633 4601 epistolam
670 4502 884 4575 canonicam
922 4526 1005 4572 cum
1044 4499 1257 4599 apocalypsi
1301 4502 1444 4575 Barucb
1479 4503 1690 4576 cohaerere.

93 4636 291 4735 Prophetia
325 4636 448 4735 potius
478 4636 621 4709 Barucb
662 4634 708 4708 ab
744 4646 893 4708 auctore
929 4633 999 4731 ipsi
1039 4633 1131 4732 ltegi
1161 4633 1354 4708 leclroniae
1392 4635 1579 4734 praelecta
1610 4660 1692 4709 esse

94 4770 244 4855 dicitur,
273 4784 454 4869 repugnat
476 4769 591 4870 igitur
613 4768 782 4867 tempori,
805 4793 877 4867 quo
900 4780 1028 4839 auctor
1050 4767 1326 4867 Apocalypseos
1343 4793 1436 4866 opus
1460 4793 1567 4841 suum
1590 4794 1691 4842 com-

94 4902 263 5001 posuisse
290 4903 431 4976 statuit.
458 4904 494 4997 11
522 4902 656 5000 Nequit
680 4900 867 5000 explicari,
895 4900 1018 4973 curin
1042 4900 1207 4974 llcclesia
1233 4925 1366 4998 graeca
1394 4900 1592 4999 Prophetis
1622 4905 1694 4973 Ba-

96 5036 186 5109 13311
223 5037 478 5110 auctoritatem
503 5035 717 5109 canonicam
742 5034 875 5132 adepta
905 5033 966 5117 sit,
993 5059 1066 5107 non
1096 5058 1181 5108 vero
1208 5033 1376 5132 Epistola
1400 5034 1446 5107 ad
1471 5059 1602 5107 novem
1632 5034 1695 5107 tri·

96 5169 164 5242 bus
184 5182 220 5243 et
244 5168 446 5255 dimidiam,
474 5194 556 5241 curn
580 5181 756 5265 utraeque
782 5167 829 5239 ad
859 5166 955 5239 idem
990 5192 1083 5265 opus
1106 5166 1360 5263 pertinuerint.
1391 5168 1426 5262 3)
1462 5166 1630 5239 Psalmus
1658 5194 1694 5237 xr

99 5302 304 5377 Salomonis
340 5304 414 5376 lere
445 5302 557 5374 verbo
588 5315 696 5374 tenus
733 5299 865 5398 repetit
895 5312 1004 5397 caput
1032 5326 1054 5370 v
1082 5300 1299 5398 Prophetiae
1335 5299 1492 5379 Barucb,
1523 5324 1591 5371 nec
1622 5299 1694 5371 dici

97 5449 218 5536 potest
243 5450 429 5509 auctorem
458 5434 676 5534 Prophetiae
698 5433 811 5506 verba
842 5433 973 5530 psalmi
1003 5433 1250 5531 excerpsisse3
1280 5432 1415 5506 etenim
1439 5460 1474 5505 v.
1506 5434 1540 5504 8.
1568 5444 1696 5504 auctor

99 5569 234 5643 Psalmi
250 5582 330 5643 3131
347 5572 476 5655 Deum,
495 5581 535 5641 ut
558 5568 679 5641 omnia
698 5565 878 5666 perficiat,
898 5591 989 5663 quae
1010 5567 1055 5638 de
1077 5565 1189 5639 lsrael
1208 5580 1244 5637 ct
1266 5566 1465 5639 1313331331
1479 5565 1696 5665 promiserat

99 5716 135 5776 et
153 5729 220 5803 per
242 5727 376 5777 nomen
400 5715 567 5775 sanctum
588 5726 694 5774 suum
722 5700 835 5773 lsrael
860 5699 996 5798 erigat,
1019 5699 1135 5797 liquet
1161 5698 1274 5796 igitur
1297 5699 1409 5772 verba
1431 5698 1696 5774 versiculorum
