4108 6458
384 437 443 496 692
873 488 877 489 ⁷
919 428 1163 496 PRAEFATIO
1184 469 1225 480 —
1245 430 1387 498 CAPUT
1410 433 1466 497 Ill.

384 634 572 722 gerentur.
591 623 717 719 ltaque
741 620 840 693 haud
867 620 998 692 mirum
1027 621 1257 694 Christianos
1283 621 1408 694 odium
1434 646 1610 722 magnum
1634 623 1811 696 adversus
1831 648 1969 721 oppres
2032 642 2033 699 t

384 780 487 829 sores
518 780 606 827 suos
635 753 861 852 concepisse,
885 753 939 826 uti
962 778 1139 852 respousa
1169 754 1398 853 quorundam
1425 757 1629 854 Martyrum
1652 754 1776 854 inepta
1805 755 1898 828 satis
1919 754 1968 828 dc·

385 901 603 962 monstrant.

457 1022 530 1095 Sed
558 1033 753 1118 antequam
781 1044 917 1092 annum
947 1020 1114 1118 martyrii
1140 1019 1178 1094 S.
1208 1019 1391 1093 Simeonis
1427 1019 1686 1117 inquirendum
1718 1020 1965 1120 suscipiamus,

382 1154 561 1253 quaedam
577 1154 621 1226 de
638 1156 775 1253 Sapore
794 1151 1062 1251 praemittenda
1082 1165 1180 1239 sunt,
1199 1178 1292 1251 quae
1314 1177 1426 1225 causa
1446 1152 1594 1226 suerunt
1613 1166 1766 1228 eventus
1790 1153 1899 1227 huius
1918 1154 1966 1226 lu-

381 1286 600 1371 nestissimi3
618 1288 656 1358 in
687 1312 759 1384 quo
783 1285 934 1386 negotio
968 1285 1159 1357 historiam
1184 1285 1419 1385 potissimum
1450 1310 1472 1358 a
1506 1286 1640 1359 Tabari
1672 1299 1858 1360 exaratam
1896 1300 1966 1360 eta

382 1422 437 1496 Cl.
455 1420 619 1494 Ndldelre
631 1418 848 1492 translatam
862 1430 899 1491 et
914 1418 1126 1492 doctissime
1142 1418 1355 1492 adnotatam
1375 1418 1562 1517 sequimur
1574 1422 1598 1495 ¹.

452 1699 488 1769 P.
515 1699 644 1793 Sapor,
671 1720 776 1768 «rex
798 1719 928 1793 regum
950 1722 981 1779 r,
1004 1693 1059 1766 uti
1078 1718 1187 1794 reges
1213 1698 1406 1768 Persarum
1433 1720 1473 1768 se
1494 1694 1596 1794 ipsas
1617 1693 1726 1767 titulo
1752 1694 1824 1767 isto
1846 1719 1965 1794 regum
2032 1758 2033 1803 ,

379 1830 611 1928 antiquorum
638 1829 710 1901 iarn
736 1855 757 1900 a
779 1827 891 1900 Dario
914 1826 1051 1900 usitato
1075 1827 1363 1926 insignierunt²,
1389 1871 1439 1882 -
1457 1826 1555 1900 tilius
1579 1840 1668 1901 natu
1690 1827 1865 1900 minimus
1886 1831 1967 1900 Hor·
2032 1806 2033 1811 ἵ

378 1963 531 2048 mizdae,
554 1988 650 2034 anno
670 1961 741 2034 309
754 1985 910 2060 regnare
930 1961 1051 2060 coepit
1070 1973 1107 2033 et
1122 1985 1240 2035 annus
1259 1961 1399 2059 primus
1419 1958 1525 2060 regni
1546 1960 1626 2033 eius
1646 1984 1667 2031 a
1686 1959 1782 2033 die5
1805 1963 1965 2060 Septem·

379 2096 454 2170 bris
469 2095 555 2168 anni
571 2091 735 2168 eiusdem
750 2106 981 2191 computatur
993 2096 1021 2164 ⁸.
1038 2093 1141 2167 Licet
1160 2093 1257 2166 filius
1272 2107 1466 2192 postumus
1481 2092 1699 2166 Hormizdae
1714 2092 1824 2167 luerit
1840 2108 1877 2167 et
1898 2093 1964 2166 lra-

376 2242 452 2302 tres
480 2241 567 2301 natu
600 2226 758 2300 maiores
783 2225 966 2311 habuerit,
994 2226 1100 2325 regni
1126 2226 1314 2325 principes
1341 2226 1513 2325 deposito
1537 2237 1688 2324 propter
1717 2226 1964 2300 crudelitatem

375 2360 623 2443 Adharnarse,
639 2371 835 2458 spretoque
852 2359 1048 2432 Hormizda
1061 2358 1173 2431 fratrc
1191 2359 1321 2444 altero,
1337 2358 1399 2457 qui
1414 2372 1610 2457 postquam
1626 2358 1664 2429 in
1679 2383 1864 2431 carcerem
1883 2384 1965 2432 con·
2032 2394 2033 2415 r

376 2495 492 2568 iectus
512 2506 568 2565 est
588 2492 673 2566 inde
693 2492 810 2566 evasit
829 2504 864 2564 et
889 2491 935 2564 ad
958 2494 1141 2565 Romanos
1168 2491 1347 2592 confugit,
1370 2506 1480 2590 atque
1500 2502 1696 2564 excaecato
1719 2491 1844 2577 tertio,
1867 2491 1964 2565 cuius

374 2651 567 2700 nonomen
591 2626 738 2724 quidem
762 2627 942 2708 constat⁴,
960 2627 1149 2725 Saporem,
1165 2626 1285 2698 adhuc
1315 2625 1352 2698 in
1373 2639 1479 2699 utero
1505 2624 1633 2697 matris
1649 2623 1825 2697 latentem
1844 2649 1963 2724 regem

371 2760 655 2858 proclamarunt.
680 2761 860 2831 Eventum
880 2757 991 2830 istum
1015 2757 1241 2859 singularem
1263 2758 1317 2832 sic
1339 2771 1464 2831 narrat
1481 2756 1665 2857 Agathias
1687 2757 1960 2830 Scholasticus:
2032 2830 2033 2837 ,

442 2898 522 2967 Post
549 2891 806 2987 [Hormizdam]
836 2894 944 2985 Sopor
962 2894 1116 2985 plurimo
1145 2895 1410 2987 longissimeque
1433 2905 1577 2986 tempore
1606 2916 1721 2963 rerum
1751 2896 1959 2985 pariturast,
2032 2916 2033 2919 ¹

369 3032 491 3123 quippe
510 3040 556 3099 tot
579 3029 682 3098 oanis
708 3029 866 3118 reqnooit
892 3038 971 3119 quot
990 3038 1021 3097 ct
1045 3029 1395 3099 nortmanorum
1419 3027 1534 3097 adduc
1559 3027 1672 3119 ipsum
1701 3039 1794 3097 utero
1816 3036 1963 3117 gestante
2032 3006 2033 3071 l

366 3165 455 3256 regii
471 3161 606 3253 generis
629 3162 792 3231 successio
816 3162 955 3230 uocabat
984 3162 1030 3230 ad
1047 3183 1204 3253 regnum,
1228 3162 1316 3254 qood
1343 3163 1520 3253 ipsaemet
1538 3160 1716 3252 parituro.
1739 3162 1963 3230 Dubitabatur

367 3320 443 3366 uera
462 3296 653 3366 masculam
672 3318 718 3364 on
737 3294 908 3385 femellam
927 3305 1011 3364 essct
1026 3304 1131 3386 partu
1145 3296 1293 3365 editura.
1314 3298 1487 3365 Primores
1509 3293 1624 3385 itaque
1640 3294 1740 3384 regni
1753 3296 1912 3384 proemio-
1925 3314 1961 3360 ac
2032 3264 2033 3353 l

365 3431 454 3500 dona
470 3438 718 3522 proposuerunt
737 3431 858 3518 mapa,
886 3439 924 3497 ot
949 3428 989 3497 de
1009 3430 1139 3521 saterris
1157 3427 1403 3521 praedicerent.
1427 3430 1560 3520 Equam
1592 3428 1707 3519 itaque
1725 3427 1907 3517 providam
1925 3425 1960 3493 in

367 3563 513 3633 medium
526 3562 702 3632 adducunt
721 3562 792 3630 ium
811 3562 934 3652 portui
946 3564 1149 3652 prooimam
1169 3564 1417 3655 iusseruntque,
1441 3571 1479 3630 ut
1496 3560 1593 3650 maai
1610 3559 1651 3629 de
1675 3560 1738 3628 ltac
1752 3562 1855 3650 prius
1871 3559 1961 3628 uati-

366 3697 575 3778 cinorentur‚
599 3695 687 3787 quod
699 3696 855 3785 suturam
875 3695 1065 3764 censebant.
1089 3697 1144 3763 lta
1162 3698 1254 3765 enim
1272 3695 1392 3787 paucis
1411 3705 1489 3787 post
1507 3695 1701 3784 cognituros
1720 3714 1756 3761 se
1770 3692 1956 3771 credebant,

362 3853 448 3923 quae
477 3829 617 3899 iliorum
637 3827 805 3898 diuinatio
827 3826 979 3897 euaderet
1001 3838 1101 3919 atque
1124 3828 1203 3897 ltine
1227 3828 1423 3898 collecturos
1447 3825 1594 3896 similem
1625 3833 1780 3894 eventum
1802 3825 1957 3893 habituro

361 3963 464 4031 etiam
489 3986 575 4055 quoe
602 3961 642 4030 de
669 3960 802 4029 lamiae
829 3961 1119 4051 praedicerentur.
1150 3962 1240 4046 Quid
1273 3972 1385 4030 autem
1420 3961 1461 4029 dc
1495 3982 1581 4051 equo
1612 3958 1844 4027 divinaverint
1874 3956 1961 4027 nillil

362 4095 491 4187 liquido
510 4098 636 4187 possim
658 4095 839 4187 affirmare,
867 4095 1081 4185 nequeenim
1108 4095 1196 4164 milri
1216 4096 1299 4163 certi
1319 4093 1505 4185 quidquam
1525 4115 1564 4162 eo
1590 4091 1687 4160 dere
1709 4100 1759 4160 est
1782 4089 1961 4160 renuncia·
2032 4080 2033 4097 ¹

362 4239 444 4311 tum,
468 4238 612 4297 ceterum
640 4230 690 4297 ita
720 4226 861 4317 singula
889 4238 1072 4296 euenerunt
1094 4238 1132 4297 ut
1159 4227 1216 4298 illi
1238 4226 1501 4318 praedicarant.
1533 4227 1618 4296 Cum
1646 4224 1762 4315 itaque
1785 4247 1830 4293 an
1857 4246 1898 4292 eo
1925 4245 1961 4291 rc

360 4363 443 4430 certi
456 4361 581 4430 scirent
595 4381 712 4448 magos
730 4360 947 4430 vaticinandi
964 4371 1071 4429 artem
1091 4361 1214 4452 optime
1232 4360 1365 4440 callere,
1386 4368 1619 4451 provocarunt
1640 4367 1873 4449 reparantque
1891 4377 1953 4433 eos,

361 4505 399 4562 ut
412 4494 515 4563 etiam
531 4493 570 4562 de
585 4493 737 4576 muliere,
757 4516 843 4584 quae
853 4497 973 4585 sutura
988 4504 1133 4575 nossent,
1152 4493 1385 4584 emplicarcnt;
1400 4493 1551 4584 quicum
1567 4490 1809 4582 responderent
1822 4511 1960 4559 masca-
2032 4524 2033 4535 κ

362 4628 431 4697 lom
447 4628 576 4718 prolem
585 4628 796 4718 parituram,
816 4626 906 4696 nihil
929 4628 1022 4697 ultra
1042 4628 1168 4696 morati
1189 4637 1280 4709 sunt,
1300 4627 1358 4696 scd
1378 4625 1492 4695 cidari
1510 4635 1606 4693 utero
1628 4624 1789 4714 imposito
1803 4623 1957 4714 embryo-

421 4854 430 4891 ⁴
448 4852 508 4917 Th.
529 4853 683 4928 Noldelre,
707 4851 894 4917 Gcsclu‘cdte
919 4853 979 4915 der·
998 4853 1122 4916 Perscr
1141 4853 1210 4915 trad
1228 4852 1361 4915 Araber
1381 4875 1444 4914 zrrr
1467 4851 1538 4914 Zcit
1567 4849 1628 4912 der
1651 4848 1870 4927 Sassanidcn,
1896 4869 1957 4909 aus

360 4960 419 5021 der
445 4960 642 5023 arobr‘sclren
664 4959 810 5023 Chronilr
830 4962 887 5022 des
914 4960 941 5021 Τ
940 4961 1040 5022 abari
1062 4960 1224 5022 iiborsetzt
1244 4958 1315 5022 und
1335 4962 1394 5021 mit
1418 4955 1670 5040 ausfr'rlrrlr'oden
1691 4953 1956 5038 Erdrtuteruugen

362 5066 433 5128 aad
445 5067 685 5151 Erganzungen
699 5068 845 5145 remeia,
863 5067 1002 5148 Leydem
1027 5071 1115 5129 1879.
2032 5038 2033 5069 r

419 5173 432 5211 ²
450 5174 628 5251 Sahansah,
645 5195 708 5259 quo
722 5173 815 5236 titulo
830 5173 1005 5259 insignitur
1023 5174 1119 5235 etiam
1138 5174 1170 5235 in
1186 5173 1275 5236 Actis
1287 5173 1477 5256 Martyrum.
1495 5171 1531 5233 ln
1547 5168 1819 5253 inscriptionibus
1833 5166 1961 5249 prisea·
2032 5164 2033 5209 l

359 5279 495 5362 persicis
520 5301 614 5365 reges
631 5280 804 5344 Persarum
822 5301 868 5356 se,
886 5279 958 5342 inde
980 5301 999 5341 a
1018 5279 1127 5355 Dari0,
1146 5279 1377 5361 Khtayatlriyo
1398 5277 1559 5355 rotrado,
1577 5274 1801 5356 lrhtayotiu'po
1814 5271 1959 5352 lehtoya·

358 5386 529 5468 tlu'yanam
551 5412 565 5443 r
586 5408 643 5449 rex
660 5407 810 5470 magnus,
832 5407 888 5448 rex
908 5406 1021 5470 regum
1044 5414 1056 5443 »
1080 5385 1255 5470 appellant.
1276 5384 1481 5467 (Weissbach
1496 5383 1561 5445 und
1585 5381 1690 5466 flung,
1716 5378 1780 5443 Die
1803 5378 1959 5460 altpersi·

356 5493 455 5554 sciren
473 5492 753 5575 Keilinsclur‘stcn,
771 5492 915 5577 Leipzig,
933 5497 1019 5568 1893,
1037 5513 1067 5575 p.
1087 5498 1133 5568 12,
1148 5498 1198 5569 30,
1216 5497 1254 5555 32
1270 5494 1345 5574 etc.)

418 5601 429 5636 ³
445 5599 505 5661 Th.
524 5599 678 5674 Naldeke,
693 5621 744 5682 op.
760 5602 828 5676 cit,
846 5620 879 5682 p.
898 5605 969 5662 411.

420 5706 431 5742 l
448 5705 529 5769 lbid.
546 5727 579 5790 p.
597 5711 646 5780 51,
661 5715 736 5769 nota
748 5712 777 5769 3.
