4122 6472
698 452 1197 523 rmsrarroaucronrs.
1643 400 1721 523 ran

116 631 266 692 τοιούτων
295 620 489 716 ὀνομάτων”
514 628 734 717 παρακαλοῦσι
761 628 816 690 καὶ
840 615 1005 715 δεομένοις,
1029 622 1192 702 totamm
1221 630 1352 716 γίνεται.
1376 625 1443 703 Τὰς
1468 622 1651 703 τοιαῦτας“
1684 617 1720 693 δὲ

115 754 286 842 ὀνομασίας
297 747 327 815 ἐν
341 756 381 841 τῇ
397 754 526 840 τοιαύτῃ
537 743 567 780 ⁴²
581 741 682 833 βίόλῳ
701 753 939 840 συνερμηνεύσω.

190 977 235 1048 11.
256 974 276 1010 ⁴
298 977 341 1047 ‘O
359 970 395 1046 δό
415 981 535 1071 μέλλων
555 977 585 1045 ἐν
605 978 747 1070 Βηθλεὲμ
765 977 818 1046 ἐκ*
843 988 902 1057 τῆς
919 979 1066 1072 παρθένου
1084 979 1245 1073 γεννᾶσθαι
1256 976 1283 1068 ²,
1301 979 1392 1059 αότός
1412 982 1508 1075 με’γας
1531 972 1720 1060 διδασκαλος
1787 992 1838 1043 *B

115 1107 281 1199 γενιίσεται
302 1100 360 1172 καὶ
381 1109 421 1171 τό
444 1103 629 1197 ἀνθρώπινον
650 1107 737 1197 γένος
772 1100 883 1170 σώσει3
908 1100 963 1171 καὶ
986 1102 1057 1182 τοῦς
1075 1096 1234 1171 εἰδώλων*
1256 1105 1346 1185 ναοὺς
1369 1103 1574 1185 καταλῦσειῧ,
1602 1109 1661 1181 τὴν
1685 1097 1720 1174 δὲ
1752 1063 1797 1116 1⁰1
1813 1068 1843 1115 ³⁷
1859 1076 1890 1115 μ’

77 1248 91 1298 5
116 1230 412 1322 ἀποτελεσματικὴν
424 1226 452 1312 ⁰,
472 1235 511 1304 ἢν
534 1227 597 1321 ἐγὼ
618 1228 752 1310 ποιήσω,
768 1228 825 1295 οῦκ
847 1226 1025 1320 ἀρανίσεῧ,
1047 1221 1130 1296 διότι
1150 1233 1213 1296 reris
1235 1233 1306 1324 ὅπερ
1326 1227 1472 1297 τελέσει8
1492 1232 1513 1305 ἡ
1536 1227 1606 1323 μετ’
1626 1230 1720 1298 αὐτοῦ

59 1344 62 1349 ⁴
115 1346 245 1447 δύναμις
267 1355 439 1422 ἀπετέλεσα
456 1350 513 1420 καὶ
540 1349 776 1446 ίστοιχείωσαῆ
805 1351 847 1419 Ὁ
870 1342 906 1420 δδ
926 1351 997 1431 ναός
1019 1349 1052 1419 ὀν
1072 1354 1131 1448 ἐγὼ
1154 1355 1183 1421 ὲν
1202 1354 1333 1433 Τυοίνοις
1351 1346 1536 1449 ᾠκοδόμησα
1563 1357 1593 1422 ἐν
1609 1350 1645 1442 ὦ
1664 1353 1721 1423 καί

114 1487 245 1571 χρυσοῦν
264 1484 378 1546 στῦλον
392 1483 525 1562 terrra,
542 1475 630 1555 οὗτος
643 1473 726 1570 παρὰ
743 1484 868 1544 πάντων
882 1477 1090 1572 προσκυνητός
1101 1476 1130 1512 '⁰
1148 1478 1324 1573 γενησεται.
1347 1538 1350 1544 r

162 1603 321 1697 Προσόκει
342 1593 384 1677 δή
407 1627 441 1669 σε
463 1601 623 1694 προσέχειν
646 1609 777 1668 σεαυτοῦ
791 1600 814 1633 '¹
836 1601 891 1668 τὸν
912 1611 995 1688 νοῦν,
1014 1599 1066 1668 καὶ
1079 1604 1098 1669 ὀ
1113 1627 1144 1670 τι
1158 1598 1185 1635 '²
1208 1604 1303 1696 βοόλη
1327 1601 1514 1697 ἐργάσασθαι
1535 1602 1627 1697 ἔργον
1645 1604 1719 1671 iou·

116 1728 251 1818 μαστόν,
284 1724 408 1820 ὀν(ομα)
437 1720 593 1819 ὀνομάζειν
607 1722 634 1759 ¹³
670 1728 805 1792 ἑκάστου
839 1735 943 1818 καιροῦ
972 1732 1026 1795 καὶ
1056 1725 1178 1820 χρόνου,
1213 1733 1267 1794 καί
1295 1730 1385 1803 ἡλίου
1416 1725 1473 1795 καὶ
1505 1729 1635 1806 σελήνης
1665 1725 1721 1797 καὶ

64 1879 91 1928 10
116 1852 247 1945 ἀνίμων,
269 1850 323 1919 καὶ
337 1850 495 1919 τελεῖσθαι
507 1847 533 1884 “
549 1848 718 1943 ὀνομασίας
737 1851 867 1928 σελήνης
884 1846 1217 1945 καλοσχηματιζοόσης
1227 1849 1267 1942 ¹⁵,
1283 1854 1317 1918 οῦ
1329 1852 1391 1946 γὰρ
1407 1858 1483 1944 πρὸς
1496 1852 1566 1931 τοὺς
1584 1855 1719 1947 ἀστέρας
1846 1868 1849 1873 “

115 1983 202 2044 κατά
219 2001 256 2044 τε
271 1978 468 2070 τετραγόνων
482 1972 537 2043 καὶ
551 1966 705 2069 ἑξαγόνων
721 1975 934 2067 προστεθικοός
951 1977 1100 2070 ἐνεργοῦσι
1113 1972 1140 2009 ¹⁰
1157 1975 1228 2053 τοὺς
1247 1975 1389 2069 ἀριθμούς
1399 1974 1439 2038 ¹⁷.

173 2261 224 2320 39.
240 2256 288 2318 τόν
301 2255 428 2317 τοίουτων
442 2259 570 2334 topiros
584 2252 623 2316 Β.
637 2289 677 2300 -
691 2256 731 2316 40
744 2254 840 2327 ίόηιιος
855 2254 892 2316 Β.
909 2291 949 2300 -
963 2258 1015 2316 41.
1031 2279 1057 2316 τι
1071 2254 1154 2325 αὗτας
1168 2255 1205 2318 Β.
1222 2292 1263 2303 -
1277 2260 1326 2319 42.
1342 2255 1444 2317 τοιαότι
1459 2255 1497 2318 Β.

173 2361 214 2425 ll.
231 2362 273 2442 Β]
289 2369 315 2425 1.
332 2363 411 2440 μίλλ.
427 2385 440 2422 ε
455 2361 538 2444 pillis
552 2361 597 2440 tpt
611 2359 650 2423 Β.
665 2364 745 2423 -2,
761 2364 900 2441 γεναῖσόαι
914 2360 952 2423 Β.
967 2396 1008 2408 -
1022 2365 1052 2423 3.
1069 2360 1137 2423 σώαν
1153 2362 1190 2425 Β.
1204 2399 1244 2409 -
1255 2366 1285 2425 4.
1299 2363 1419 2437 ἠδοόλων
1434 2362 1473 2424 Β.
1485 2399 1524 2410 -
1542 2368 1571 2426 5.
1587 2362 1720 2424 καταλύοι

116 2467 152 2529 Β.
169 2506 211 2515 -
225 2474 258 2532 6.
277 2472 355 2530 ῦποτ.
374 2467 413 2529 Β.
430 2503 471 2514 -
483 2472 512 2529 7.
526 2503 566 2513 -
580 2467 640 2540 νίση
655 2465 694 2529 Β.
710 2502 751 2514 -
764 2471 794 2530 8.
816 2466 890 2528 uirile
908 2467 946 2529 B.
965 2503 1004 2514 -
1018 2473 1049 2530 9.
1066 2469 1214 2530 ὀποτελεσα
1230 2470 1278 2530 καί
1297 2470 1458 2550 ίστιριώσα.
1477 2469 1515 2531 Β.
1531 2505 1571 2515 -
1590 2475 1638 2532 10.
1654 2470 1720 2550 πρός

66 2587 93 2638 15
117 2576 212 2650 κυνητό
229 2575 321 2639 Β.-
335 2580 383 2637 11.
400 2573 535 2654 προσίεται
549 2572 606 2634 ὀίσε
624 2572 763 2654 πρισί(ως)
780 2572 818 2634 Β.
838 2610 879 2619 -
899 2578 946 2636 12.
965 2574 1021 2642 ὀτις
1033 2573 1070 2636 Β.
1086 2610 1127 2621 -
1145 2580 1193 2638 13.
1207 2575 1236 2636 οἵ
1248 2574 1392 2655 νονόμαζαι
1408 2575 1447 2638 Β.
1461 2611 1501 2622 -
1521 2580 1569 2638 14.
1585 2574 1719 2650 ὀηλήσθαι

117 2680 152 2744 Β.
165 2719 206 2729 -
227 2688 278 2745 15.
297 2680 352 2744 Sic
369 2677 441 2743 ΑΒ.
458 2679 822 2762 σεληνῖῦκαλοσγημαείστου
836 2679 874 2742 Β.
891 2716 931 2726 -
952 2685 1000 2743 16.
1019 2681 1092 2761 ίξαγ.
1113 2686 1287 2764 προσῦετῦιας
1304 2676 1364 2744 οὖσί
1375 2682 1414 2746 Β.
1428 2720 1469 2729 -·
1482 2688 1530 2746 17.
1544 2683 1592 2752 rire
1603 2684 1719 2764 ὀριθμός

115 2787 152 2850 Β.
168 2788 227 2853 ΑΙ)
240 2787 364 2852 habent
377 2794 503 2850 tantum
516 2805 650 2870 parvam
670 2794 796 2869 partem
810 2786 940 2870 prologi
957 2786 1180 2871 praecedentis
1194 2788 1246 2851 his
1264 2788 1394 2852 verbis:
1409 2789 1499 2872 Ἀρχὴ
1517 2794 1570 2851 τῶν
1588 2792 1717 2851 ἀποτιλι·

116 2897 223 2972 αμότων
238 2892 417 2957 Ἀπολλωνίου
429 2898 475 2953 ταῦ
490 2897 688 2972 μαθηματικοῦ.
705 2926 745 2939 -·
758 2891 917 2974 Ἆπίχιοόαι
935 2893 1025 2967 πάσης
1040 2894 1087 2974 μίν
1106 2894 1205 2977 ὀφείλει
1222 2906 1342 2979 πονηρᾶς
1359 2888 1489 2978 πράξεως.
1502 2897 1531 2965 tr
1546 2895 1585 2979 (D
1601 2923 1608 2957 ε
1623 2898 1670 2970 ὡς)
1686 2901 1718 2956 ἂν

117 3003 234 3081 βαίλοιτο
256 3007 405 3084 στοιχειοῦν
419 2998 508 3061 πάντα
522 2998 570 3061 καί
581 2998 709 3079 τεράστια
721 2999 940 3080 διαπράττεσθαι,
954 2999 1073 3077 μάλιστα
1089 2999 1118 3061 ὀί
1133 3005 1181 3074 τῆς
1191 3002 1257 3083 πρός
1270 3006 1404 3083 γυναικῶν
1422 3004 1540 3082 ὁμιλίας,
1555 3002 1625 3064 οῦτω
1637 3002 1665 3064 ὀί
1683 3004 1717 3062 οἷν

62 3117 92 3169 20
115 3132 152 3179 τις
168 3110 268 3191 ὀγόγοι
281 3105 372 3167 πάντα
391 3102 426 3164 ri
444 3103 579 3183 κτίσματι
599 3103 652 3164 ῦπό
669 3102 715 3162 τόν
736 3104 776 3183 (Α
794 3123 800 3156 2
817 3104 882 3187 τῶν)
902 3102 979 3183 ζυγόν
998 3110 1046 3179 τῆς
1067 3108 1217 3189 ἀναγωγῆς,
1234 3108 1275 3169 δεῖ
1287 3099 1332 3169 οόν
1349 3111 1395 3170 καί
1408 3109 1552 3188 ὀνομασίας
1570 3110 1656 3190 λέγειν
1670 3107 1717 3168 καὶ

116 3590 246 3669 lacere.
270 3594 326 3668 llli
360 3593 458 3666 enim
488 3591 550 3691 qui
577 3591 774 3691 implorant
801 3602 837 3662 et
870 3600 977 3662 orant
1005 3583 1187 3658 cumillis
1216 3582 1428 3658 nominibus
1457 3583 1714 3658 exaudientur.

18 3704 19 3709 ’
116 3714 198 3791 lllas
216 3717 314 3792 tales
334 3716 599 3816 appellationes
619 3712 863 3815 inpraesenti
887 3711 981 3785 libro
1003 3733 1197 3809 exponam.

186 3945 233 4014 ll.
257 3939 353 4014 *llle
372 3965 460 4014 vero
476 3937 539 4038 qui
558 3937 669 4011 debet
683 3936 721 4010 in
739 3934 928 4010 Bethleem
948 3959 993 4007 ex
1011 3931 1156 4032 virgine
1176 3930 1277 4004 nasci
1289 3934 1315 4015 ⁸,
1332 3929 1393 4003 ille
1413 3956 1571 4031 magnus
1591 3932 1713 4033 magi·
1780 3958 1832 4008 *n

18 4116 21 4137 .
116 4075 189 4136 ster
209 4066 287 4150 liet,
311 4089 430 4163 genus
456 4063 655 4135 humanum
679 4059 838 4134 salvabit
863 4070 900 4132 et
925 4055 1062 4157 templa
1087 4054 1269 4129 idolorum
1295 4054 1478 4142 destruet3
1505 4055 1599 4129 hane
1623 4026 1772 4131 vero¹⁰¹'
1790 4033 1820 4080 ³⁷
1837 4040 1868 4080 Γ·

75 4202 90 4251 5
116 4188 450 4285 apotelesmaticam
469 4191 611 4281 (artem)
636 4210 746 4284 quarn
770 4209 841 4283 ego
863 4181 995 4255 laoiam
1017 4206 1090 4253 non
1115 4179 1293 4264 destruet,
1318 4204 1403 4252 nam
1425 4179 1604 4279 quidquid
1627 4206 1712 4280 ope-

116 4312 255 4387 rabitur
267 4313 386 4386 virtus
405 4336 499 4411 quae
516 4336 600 4384 curn
620 4308 684 4383 illo
698 4308 781 4395 erit,
799 4317 948 4407 egomet
962 4317 1136 4403 operatus
1154 4328 1236 4376 sum
1252 4315 1289 4377 et
1301 4303 1499 4376 incantavi.
1518 4305 1711 4404 Templum

113 4459 199 4511 vero
218 4436 318 4536 quod
333 4462 403 4536 ego
420 4437 457 4509 in
472 4439 600 4535 Tyana
617 4430 806 4507 aedificavi
823 4444 859 4505 et
874 4432 911 4503 in
926 4455 999 4529 quo
1014 4428 1221 4502 columnam
1237 4452 1385 4501 auream
1405 4427 1503 4500 erexi
1523 4429 1711 4504 adorabile

116 4557 176 4634 liet
196 4561 405 4637 omnibus².

184 4685 345 4761 Attende
379 4710 471 4785 ergo
501 4697 606 4758 tuum
637 4681 808 4781 spiritum
840 4679 986 4777 quando
1015 4679 1072 4752 vis
1104 4676 1248 4778 operari
1279 4702 1372 4777 opus
1405 4677 1646 4753 mirabile-
1670 4692 1712 4753 ut

63 4816 90 4868 ¹0
116 4810 280 4885 nomines
302 4836 410 4884 omne
440 4822 665 4883 momentum
692 4817 729 4880 et
754 4819 899 4903 tempus
927 4818 964 4878 et
992 4804 1109 4877 solem
1136 4815 1172 4877 et
1198 4802 1321 4874 lunam
1348 4815 1385 4875 et
1411 4814 1556 4876 ventos.
1586 4804 1712 4877 Proser

173 5048 201 5105 1.
227 5040 341 5106 Scriba
355 5039 479 5104 addidit
493 5040 526 5101 in
542 5037 688 5122 margine
705 5037 834 5117 ’1(ησοῦ)ς
854 5034 996 5118 Χ(ριστό)ς
1018 5034 1110 5115 θίεόμ.

173 5154 203 5215 2.
226 5147 418 5233 Apollonius
438 5145 618 5228 Tyanensis
640 5153 787 5206 mortuus
810 5150 860 5205 est
881 5142 968 5204 eirca
988 5160 1106 5203 annum
1127 5145 1166 5203 97
1186 5149 1262 5223 post
1279 5139 1446 5203 Christum
1472 5150 1505 5203 et
1527 5142 1587 5205 has
1608 5142 1711 5209 lineas

117 5270 196 5335 quae
211 5262 386 5319 occurrunt
398 5261 524 5316 tantum
543 5252 575 5314 in
592 5250 703 5314 oodioe
716 5249 743 5312 B
757 5270 822 5312 non
839 5248 980 5332 scripsit.
999 5247 1124 5311 Revera
1142 5256 1251 5310 tamen
1269 5245 1424 5330 templum
1442 5247 1646 5313 aedificatum
1662 5262 1713 5315 est

119 5357 273 5445 inTyana
296 5361 356 5425 sub
376 5360 504 5424 nomine
521 5356 684 5442 Apollonii
701 5365 734 5420 et
754 5357 854 5419 vitam
873 5356 944 5418 eius
962 5354 1094 5437 scripsit
1112 5352 1328 5417 Philostrates
1348 5363 1385 5417 ut
1404 5354 1559 5437 probaret
1576 5357 1712 5441 Apollo·

118 5465 204 5531 nium
226 5494 239 5526 ι
260 5477 428 5552 operatum
446 5485 519 5529 esse
539 5474 572 5528 et
591 5465 776 5527 incantasse
798 5461 956 5546 quidquid
972 5470 1124 5543 operatus
1141 5468 1192 5523 est
1204 5459 1355 5524 Christus
1371 5485 1398 5524 υ.
1416 5458 1483 5523 Hae
1506 5460 1610 5527 lineae
1631 5485 1711 5552 ergo

117 5571 165 5634 rel
184 5574 424 5659 interpolatoris
446 5572 599 5648 alicuius,
616 5570 667 5634 vol
692 5569 835 5633 auctoris
864 5568 968 5652 ipsius
992 5568 1068 5650 (non
1093 5565 1268 5650 Apollonii)
1289 5565 1461 5650 quamdam
1485 5569 1653 5635 veritatem
1680 5583 1712 5639 et

119 5696 267 5767 magnam
282 5700 358 5744 sane
373 5679 597 5762 antiquitatem
613 5677 769 5741 redolent.

220 5800 289 5834 mn.
303 5800 352 5832 m.
366 5811 393 5821 -
407 5798 427 5832 P.
442 5798 458 5830 l.
471 5798 492 5831 Τ.
506 5796 532 5831 11.
1593 5794 1619 5833 46
