4108 6458
359 504 419 561 661
904 494 1147 561 PRAEFATIO
1169 534 1207 543 -
1230 493 1372 561 CAPUT
1395 498 1420 563 l.

361 688 503 761 aversio
526 686 589 759 illa
610 685 766 758 maxima
785 699 987 784 reputatur,
1010 710 1081 783 qua
1106 684 1230 757 ludaei
1250 685 1478 759 Christianos
1504 684 1597 758 etin
1615 685 1734 759 vicem
1758 686 1945 761 Christiani

363 820 516 894 ludaeos
531 819 859 919 prosequebantur,
874 818 935 891 vix
948 816 1137 917 probabile
1151 831 1208 890 est
1222 817 1403 892 elementa
1420 817 1492 891 ista
1511 817 1656 892 iudaice
1675 844 1720 892 ex
1733 845 1834 892 mera
1849 820 1945 893 simul

361 953 505 1027 vivendi
530 951 794 1025 consuetudine
814 950 995 1048 originem
1010 950 1168 1023 traxisse
1182 953 1210 1033 ⁴;
1230 950 1344 1023 multo
1368 950 1595 1049 probabilius
1615 965 1672 1025 est
1695 977 1738 1024 ea
1758 978 1779 1024 a
1799 953 1944 1026 ludaeo-

361 1085 572 1159 christianis
591 1098 711 1158 ortum
735 1084 902 1170 duxisse,
920 1108 1075 1182 quorum
1099 1083 1294 1156 existentia
1314 1083 1350 1156 in
1373 1084 1639 1182 Mesopotamia
1657 1085 1827 1158 orientali
1847 1086 1942 1159 facile

362 1218 574 1318 explicatur.
598 1218 669 1291 Vix
694 1217 790 1291 euim
815 1215 1002 1315 probabile
1031 1228 1099 1300 est,
1117 1217 1254 1315 primos
1283 1216 1470 1290 doctrinae
1499 1217 1634 1291 Christi
1660 1243 1861 1316 praecones
1886 1220 1937 1290 iu-

362 1353 486 1426 daicae
505 1350 659 1450 originis
679 1350 809 1423 iratres
833 1350 870 1421 in
890 1346 1041 1447 lampat
1054 1350 1198 1448 persica
1215 1349 1380 1423 viventes
1403 1350 1625 1450 neglexisse,
1648 1376 1803 1449 quorum
1825 1377 1944 1425 nurne-

307 1474 310 1478 ’
361 1511 423 1558 rus
447 1484 662 1557 ludaeorum
680 1484 717 1555 in
737 1479 886 1580 διαπορᾲ
905 1508 1054 1555 romana
1074 1482 1288 1581 degentium
1312 1507 1503 1555 numerum
1525 1484 1636 1582 longe
1661 1484 1858 1584 superavit.
1883 1486 1947 1584 lgi-

360 1631 421 1690 tur
444 1617 521 1691 [ieri
545 1630 679 1716 potest,
703 1629 745 1688 ut
768 1615 838 1688 iam
866 1615 1120 1714 antiquissimo
1146 1629 1308 1714 tempore
1330 1616 1367 1688 in
1390 1617 1654 1715 Mesopotamia
1676 1618 1891 1691 occidentali
1913 1631 1945 1691 et

361 1750 589 1823 meridionali
610 1774 702 1849 quae
732 1748 877 1822 ludaeis
898 1749 1006 1848 plena
1030 1764 1108 1821 erat
1136 1748 1205 1820 suh
1229 1749 1366 1821 inlluxu
1387 1749 1827 1824 Iudaeo-christianorum
1850 1752 1948 1824 Pale·

362 1884 479 1956 stinae
500 1881 779 1956 communitates
795 1881 1167 1954 iudaeo-christianae
1187 1895 1288 1955 ortae
1304 1882 1390 1967 sint,
1413 1882 1582 1981 aquibus
1602 1884 1947 1957 ethnico-christiani

363 2016 445 2116 Syri
465 2029 542 2088 tum
562 2015 675 2088 libros
695 2040 819 2088 sacros
838 2015 984 2089 Veteris
999 2015 1225 2088 Testamenti
1240 2029 1316 2087 tum
1332 2015 1512 2089 elementa
1530 2015 1746 2089 doctrinalia
1765 2017 1945 2118 ingenium

361 2149 544 2221 iudaicum
564 2147 766 2221 redolentia
785 2147 1002 2245 receperint.
1024 2149 1102 2219 Hoc
1126 2161 1287 2220 ceterum
1306 2150 1400 2221 Acta
1422 2152 1457 2222 S.
1479 2149 1612 2222 Maris²
1633 2175 1777 2248 quoque
1798 2151 1946 2222 innuunt

362 2281 563 2354 asserentia
587 2282 624 2353 in
645 2280 832 2353 Persidem
852 2281 924 2353 iam
943 2294 1026 2353 ante
1052 2283 1089 2353 S.
1118 2281 1247 2353 Marim
1268 2281 1507 2380 Evangelium
1527 2307 1548 2354 a
1570 2283 1834 2356 mercatoribus
1853 2284 1952 2356 occi·

363 2413 570 2488 dentalibus
597 2414 745 2486 allatum
769 2413 897 2486 fuisse.
921 2416 1023 2510 Quae
1045 2414 1200 2486 assertio
1229 2439 1272 2487 eo
1301 2414 1449 2487 maioris
1474 2426 1531 2487 est
1554 2416 1746 2503 momenti,
1768 2416 1868 2515 quod
1894 2442 1953 2489 ex·

363 2573 489 2646 presse
518 2547 691 2621 statuitur
720 2551 759 2620 S.
786 2549 915 2620 Marim
945 2547 1085 2620 nullum
1110 2547 1357 2622 Christianum
1382 2548 1570 2621 Seleuciae
1598 2548 1782 2623 invenisse
1814 2564 1851 2623 et
1882 2550 1952 2648 plu·

364 2681 476 2753 rimae
500 2679 733 2753 difficultates
755 2679 889 2778 quibus
914 2683 1070 2753 Sanctus
1094 2681 1155 2754 ille
1178 2681 1215 2753 in
1236 2681 1437 2780 Evangelio
1461 2681 1705 2780 praedicando
1725 2683 1950 2757 conflictatus

364 2826 420 2887 est
435 2812 573 2913 prolixe
597 2825 822 2886 enarrantur.
848 2815 923 2886 lam
942 2838 1028 2887 vero
1048 2839 1091 2886 eo
1111 2814 1230 2886 adhuc
1253 2826 1416 2911 tempore
1438 2814 1626 2888 Seleuciae
1646 2815 1753 2888 multi
1773 2816 1950 2897 vivebant,

365 2947 425 3044 qui
455 2964 586 3045 graece
614 2945 811 3033 callebant,
833 2958 911 3019 tota
941 2947 1037 3020 enim
1065 2946 1153 3019 urbs
1182 2972 1337 3046 graecae
1368 2947 1522 3046 originis
1551 2961 1647 3030 erat,
1675 2961 1711 3021 et
1739 2948 1819 3021 sine
1851 2948 1954 3023 dubio

366 3078 469 3151 multi
497 3104 576 3151 eam
602 3092 822 3152 mercatores
841 3079 1086 3153 occidentales
1107 3079 1274 3167 adibant,
1301 3093 1364 3152 aut
1383 3079 1513 3153 saltem
1536 3081 1723 3170 nonnulli,
1747 3107 1856 3180 quam
1876 3107 1957 3180 pro-

365 3212 522 3284 vinciam
542 3211 736 3298 Huzitidis,
758 3212 796 3284 in
822 3238 893 3311 qua
920 3215 957 3284 S.
986 3212 1097 3284 Maris
1117 3237 1251 3312 magno
1274 3238 1356 3285 cnm
1380 3212 1516 3311 gaudio
1537 3227 1758 3287 mercatores
1781 3214 1955 3288 Christia-

367 3371 434 3417 nos
456 3345 636 3442 reperisse
659 3344 804 3417 dicitur.
828 3348 925 3417 llaec
952 3345 1065 3444 igitur
1091 3346 1272 3418 enarratio
1297 3334 1472 3419 Actorum
1497 3348 1532 3419 S.
1559 3346 1670 3419 Maris
1702 3347 1814 3441 tacite
1841 3347 1953 3420 innuit

367 3478 641 3550 conversionem
662 3477 850 3550 Seleuciae
879 3477 978 3576 pium
1003 3492 1246 3551 commentum
1266 3503 1361 3563 esse,
1384 3504 1455 3577 quo
1477 3479 1585 3579 origo
1611 3478 1862 3553 Catholicatus
1888 3484 1955 3553 Ne-

368 3611 611 3684 storianorum
627 3611 673 3683 ad
688 3610 889 3709 apostolica
906 3622 1071 3708 tempora
1090 3611 1382 3710 protenderetur.

441 3862 476 3931 3.
496 3858 595 3931 ldem
615 3859 711 3931 valet
730 3859 775 3931 de
795 3858 890 3931 serie
905 3848 1175 3933 Catholicorum
1191 3885 1283 3959 quae
1298 3860 1335 3931 in
1351 3859 1436 3932 bina
1451 3872 1570 3933 exstat
1589 3860 1828 3934 recensione:
1847 3861 1956 3935 altera

369 3993 406 4064 in
423 3996 523 4065 Libro
546 3995 687 4064 Turrir³
703 3991 817 4064 altera
837 3992 875 4063 in
893 4005 995 4090 parte
1015 3995 1047 4065 ll
1068 3992 1231 4066 chronici
1253 3992 1492 4066 ecclesiastici
1511 3992 1732 4067 Barhebraei
1747 3997 1771 4067 ⁴.
1793 3997 1949 4093 Utraque

369 4126 407 4197 in
431 4124 638 4197 nominibus
663 4123 933 4198 Catholicorum
957 4124 1166 4209 concordat,
1189 4151 1304 4199 annos
1328 4137 1463 4209 tamen,
1486 4126 1619 4225 quibus
1643 4126 1813 4199 catholici
1837 4126 1959 4200 eccle·

370 4258 444 4330 sias
476 4257 545 4329 sibi
572 4256 828 4329 subordinatas
860 4258 1031 4343 rexerint,
1061 4258 1225 4331 diversos
1251 4259 1383 4357 partim
1412 4272 1590 4333 statuunt.
1619 4261 1815 4333 Brevitatis
1849 4283 1954 4333 causa

432 4486 440 4523 ⁴
459 4486 525 4548 Cir.
549 4485 700 4548 Salomon
715 4486 817 4559 Funk,
839 4486 901 4549 Die
915 4486 1167 4571 Haggadr'sclten
1187 4488 1352 4550 Elementa
1371 4491 1405 4550 in
1425 4488 1487 4551 dan
1502 4489 1670 4552 Homr’lr‘en
1686 4488 1744 4552 der
1759 4486 1956 4571 Aphraatcs,

371 4591 478 4667 wien,
496 4597 583 4667 1891,
598 4614 630 4675 p.
650 4598 697 4653 10.

431 4698 443 4736 ²
460 4697 496 4760 P.
513 4698 646 4782 Bedjan,
663 4699 748 4761 Acta
762 4712 946 4780 martyrum
967 4712 997 4761 ct
1017 4713 1217 4777 sanctorum,
1235 4710 1257 4763 t.
1273 4700 1297 4775 l,
1313 4701 1451 4783 Lipsiae,
1472 4706 1558 4777 1890,
1578 4721 1611 4784 p.
1630 4705 1669 4763 86
1682 4722 1732 4785 sq.
1748 4701 1898 4765 Notabile
1912 4707 1958 4762 cst

372 4826 482 4890 regem
498 4805 753 4889 Gundaphorum
770 4806 802 4867 in
817 4806 906 4869 Actis
923 4805 1065 4869 Thomae
1080 4818 1298 4870 occurrentem
1314 4828 1424 4892 regem
1440 4807 1564 4883 Areias,
1583 4807 1802 4892 Drangianae,
1819 4808 1959 4871 Aracho-

371 4913 500 4995 siaeque
518 4912 633 4987 fuisse3
648 4912 782 4975 forsitan
800 4912 911 4974 relatio
931 4912 986 4974 illa
1005 4912 1159 4976 Actorum
1180 4913 1214 4976 S.
1231 4914 1331 4976 Maris
1350 4934 1464 4977 novam
1484 4915 1672 4998 suppeditat
1690 4898 1957 4978 confirmationem

372 5019 537 5103 religionis
550 5019 751 5081 Christianae
767 5019 799 5080 in
818 5040 920 5104 regno
939 5019 1131 5084 Parthorum
1146 5021 1209 5082 iam
1229 5021 1452 5104 antiquissimo
1469 5031 1614 5103 tempore
1635 5020 1829 5105 divulgatae,
1846 5023 1893 5084 uti
1906 5021 1959 5082 hoc

372 5145 411 5188 ex
424 5124 683 5207 inquisitionibus
700 5125 938 5209 Cunningham,
957 5126 1158 5199 Gutschmid‚
1177 5125 1265 5189 Salet
1283 5128 1363 5189 Acta
1378 5127 1519 5189 Thomae
1534 5127 1804 5189 concernentibus
1820 5122 1959 5191 concludi

373 5231 488 5294 debere
501 5232 636 5293 videtur.
653 5230 734 5294 Vide
745 5231 883 5315 Lipsius,
902 5254 954 5314 op.
971 5235 1037 5306 cit,
1054 5253 1131 5317 pag.
1149 5238 1207 5295 278
1222 5254 1293 5316 sqq.

433 5338 500 5400 ³11.
524 5338 703 5413 Gismondi‚
726 5336 842 5417 Maris,
865 5339 963 5401 Amrr‘
981 5351 1011 5401 et
1030 5338 1140 5401 Slr'bae
1158 5342 1387 5401 commentarii
1399 5339 1439 5401 dc
1452 5340 1659 5422 patriarchis
1677 5338 1958 5412 Nestoriarrorum,

373 5446 504 5509 Romae.
523 5444 602 5506 Pars
618 5443 657 5518 ll,
677 5449 862 5506 1896-1897.
878 5444 916 5506 ll.
932 5444 1013 5507 Pars
1030 5444 1043 5506 l
1061 5450 1148 5508 1899.

432 5553 443 5590 ⁴
460 5552 487 5613 J.
507 5551 544 5613 B.
567 5549 728 5612 hbbeloos
747 5560 779 5613 et
792 5551 853 5614 Th.
874 5550 983 5633 Lamy,
1003 5552 1211 5614 Barhebraei
1224 5552 1399 5613 chronicon
1418 5554 1687 5629 ecclesiasticum,
1710 5552 1853 5628 Lovanii,
1879 5548 1958 5615 1877.

375 5660 497 5722 Sericm
521 5657 760 5721 Catholicorum
786 5657 929 5740 priorum
951 5658 1075 5741 pridem
1099 5658 1271 5741 publicavit
1296 5659 1474 5734 Ouerbeck,
1505 5659 1688 5741 Ephracmi
1705 5659 1793 5740 Syri,
1816 5656 1959 5724 Rutulae

373 5767 519 5849 episcopi
531 5764 699 5840 Edesseni,
717 5763 840 5826 Balacr'
848 5766 1056 5847 aliorumque
1068 5786 1169 5848 opera
1184 5766 1315 5841 selecta,
1332 5765 1459 5839 Oxonii,
1479 5771 1567 5841 1895,
1583 5787 1615 5849 p.
1633 5769 1775 5828 tto-423.
