4108 6458
592 526 648 589 DE
674 523 1003 590 PERSECUTIONE
1026 521 1219 589 SAPORlS.
1384 580 1387 587 .
1645 528 1703 587 697

104 713 208 788 ribus
228 740 248 789 e
271 718 348 813 MS1
370 715 588 814 desumptis,
613 714 706 787 duas
727 712 840 787 novae
866 712 1017 785 addunt.
1042 715 1179 785 Harum
1197 737 1284 785 vero
1300 711 1428 797 altera,
1451 737 1544 810 quae
1568 737 1704 784 annum

104 848 373 946 persecutionis
399 874 422 921 a
446 846 680 921 crucifixione
708 845 855 920 Domini
883 858 1082 945 computat,
1105 845 1241 918 nullius
1262 845 1436 918 momenti
1461 858 1529 931 est,
1549 844 1704 944 proinde

105 980 226 1055 eidem
249 980 527 1080 pertractandae
559 981 860 1081 supersedemus;
878 992 994 1053 restat
1022 979 1136 1079 igitur
1163 1004 1281 1051 annus
1305 980 1376 1052 655
1405 977 1617 1066 Alexandri,
1640 978 1702 1077 qui

104 1113 234 1214 incipit
253 1114 357 1187 initio
369 1114 533 1201 ,octobris
547 1115 619 1186 343
635 1127 672 1188 et
685 1113 792 1186 durat
807 1137 922 1210 usque
945 1111 992 1184 ad
1006 1111 1115 1184 finem
1129 1111 1355 1211 Septembris
1371 1110 1456 1185 anni
1471 1112 1555 1183 344.
1570 1114 1623 1183 Ex
1638 1111 1701 1184 illo

104 1261 228 1321 autem
247 1249 370 1335 moda,
388 1274 460 1348 quo
483 1247 625 1321 numeri
653 1247 725 1320 duo
751 1246 892 1346 priores
912 1245 1196 1343 praemittuntur
1222 1258 1257 1318 et
1286 1245 1358 1318 duo
1380 1244 1442 1317 alii
1466 1269 1511 1318 ex
1539 1247 1614 1332 MSl
1635 1246 1701 1318 de·

104 1381 241 1479 sumpti
261 1380 483 1455 adiiciuntur
503 1379 798 1454 concludendum
816 1378 961 1451 videtur
984 1404 1048 1451 eos
1067 1404 1141 1451 non
1160 1378 1197 1450 in
1215 1378 1337 1477 aliqua
1356 1378 1523 1451 studiosa
1541 1378 1701 1450 calcula-

102 1512 204 1586 tione
219 1512 377 1600 iundari,
400 1515 466 1587 sed
487 1540 531 1587 ex
550 1513 634 1586 aliis
654 1511 820 1586 sontibus
844 1513 1059 1610 desumptas
1079 1536 1174 1584 esse.
1198 1511 1347 1585 Certum
1371 1523 1426 1585 est
1453 1511 1609 1609 denique
1634 1537 1701 1584 nu-

102 1670 225 1720 meros
250 1647 415 1721 diversos
442 1671 621 1719 annorum
642 1645 726 1732 340,
750 1646 912 1733 :mast-4
936 1669 1009 1717 non
1035 1669 1162 1717 omnes
1188 1669 1295 1717 veros
1319 1669 1415 1731 esse,
1432 1644 1568 1717 veritas
1588 1644 1702 1744 igitur

102 1804 230 1852 eorum
256 1779 403 1853 aliunde
429 1779 646 1853 deducenda
666 1791 734 1852 est.

175 1917 209 2003 a)
226 1915 330 1987 luvat
345 1938 413 1987 nos
430 1913 607 2012 imprimis
625 1912 714 2012 ipsa
733 1912 910 1985 Actorum
926 1912 1100 1996 narratio,
1116 1935 1209 2009 quae
1225 1910 1407 1984 Gustazad
1422 1911 1629 1983 eunuchum
1649 1911 1702 1985 le·

102 2046 157 2119 ria
186 2045 314 2145 quinta
346 2047 385 2119 in
410 2049 509 2120 Cena
536 2045 683 2119 Domini
713 2059 749 2118 et
779 2046 867 2118 luna
895 2044 1037 2118 decima
1065 2044 1186 2131 tertia,
1213 2046 1249 2117 S.
1280 2044 1487 2116 Simeonem
1521 2069 1608 2116 vero
1643 2045 1701 2117 die

101 2179 285 2278 sequenti,
307 2180 394 2253 luna
413 2179 556 2253 decima
576 2192 718 2278 quarta,
744 2179 802 2251 die
827 2181 1047 2251 Parasceves
1067 2177 1210 2251 occisos
1234 2202 1316 2250 esse
1341 2177 1464 2250 refert.
1487 2176 1574 2249 lude
1600 2189 1701 2277 patet

102 2337 212 2398 anno,
231 2338 304 2411 quo
324 2316 505 2412 Martyres
534 2312 595 2386 isti
617 2312 730 2385 occisi
753 2324 852 2399 sunt,
879 2312 1004 2384 lunam
1024 2311 1203 2384 decimam
1227 2323 1406 2409 quartam,
1433 2310 1469 2382 id
1495 2323 1550 2383 est
1577 2311 1700 2382 termi-

101 2470 191 2517 num
206 2445 415 2543 paschalem
432 2446 468 2518 in
488 2448 714 2519 parasceven
733 2444 907 2519 incidisse
921 2447 947 2516 ¹.

164 2675 173 2711 ⁴
191 2673 426 2759 Argumentum
442 2685 550 2738 antem
569 2675 630 2738 hoc
645 2675 800 2759 supponit
813 2674 913 2757 Syros
929 2673 1181 2757 Mesopotamiae
1195 2673 1290 2736 modo
1305 2695 1325 2735 a
1341 2673 1463 2755 synodo
1477 2673 1617 2736 Nicaena
1633 2683 1699 2736 sta-

100 2790 170 2844 tuto
192 2781 373 2844 celebrasse
392 2782 508 2845 festum
531 2781 697 2865 paschale.
719 2781 788 2844 Hoc
814 2801 890 2843 vero
910 2788 1034 2843 eertum
1056 2801 1119 2843 non
1141 2789 1191 2843 est
1209 2781 1250 2844 G.
1277 2779 1354 2842 Bert
1372 2780 1501 2864 quidem
1524 2780 1698 2863 inopere:

100 2885 285 2970 Aphraat’s
301 2890 358 2951 des
369 2888 567 2951 Persisohen
592 2888 720 2953 Weisen
735 2888 910 2961 Homilien,
927 2908 988 2948 aas
1004 2886 1076 2949 dem
1092 2888 1269 2968 Syrisclrerr
1285 2888 1448 2949 ribersetzt
1463 2886 1533 2948 und
1546 2888 1703 2950 aridatert

103 2995 263 3073 (Gebhart
282 3003 314 3057 et
334 2995 492 3071 llarnaclr,
525 2994 624 3057 Teate
642 2994 711 3056 aad
733 2993 1035 3076 Uetersucbangea,
1051 2993 1114 3056 vol.
1136 2992 1190 3069 lll,
1213 2993 1290 3056 fasc.
1309 2996 1350 3073 3),
1371 2993 1511 3076 Lipsiae,
1535 2997 1621 3069 1888,
1643 2993 1700 3056 de-

102 3110 283 3164 monstrare
311 3102 487 3165 conabatur
509 3102 706 3185 Aphraatem
732 3100 910 3163 doctrinam
930 3099 1285 3183 quartodecimanorum
1306 3110 1426 3163 tenere.
1450 3100 1540 3181 Quae
1563 3101 1699 3163 assertio

101 3228 143 3269 an
156 3228 233 3270 vera
245 3209 298 3280 sit,
315 3230 354 3270 ex
369 3208 533 3292 Aphraate
549 3208 747 3270 sufficienter
764 3207 875 3290 nequit
887 3206 1029 3290 probari,
1048 3227 1120 3269 cum
1138 3208 1187 3269 vir
1205 3207 1266 3269 iste
1282 3207 1343 3269 sibi
1357 3205 1576 3270 contradicere
1590 3206 1699 3269 videa·

99 3323 165 3376 tur.
181 3314 368 3378 Demonstr.
387 3337 433 3376 xrr
451 3314 491 3377 de
511 3315 671 3378 Paschate
689 3335 720 3375 n.
744 3318 778 3375 12
797 3314 883 3375 enirn
898 3313 999 3375 dicit:
1022 3312 1063 3378 Ut
1079 3314 1345 3397 tibipersaasum
1358 3315 1425 3395 fiat
1437 3327 1468 3376 et
1485 3313 1562 3375 aliis
1577 3317 1697 3396 fratri-

102 3420 173 3498 bus,
187 3421 269 3502 filiis
283 3422 440 3483 ecclesiae
454 3434 533 3483 tuae
540 3420 764 3503 persuadeas,
783 3423 842 3502 qai
853 3419 1065 3502 difficultates
1079 3420 1201 3481 habent
1210 3422 1300 3482 eirca
1315 3432 1441 3503 tempas
1455 3420 1541 3483 ittae
1550 3420 1696 3483 Pascha-

102 3529 144 3588 tis
165 3528 285 3608 [scribo
305 3527 384 3590 haec
404 3527 485 3609 tibil.
500 3526 601 3590 Sarris
619 3539 725 3589 mente
742 3527 824 3588 haee
837 3530 919 3589 scita
938 3525 1086 3609 difficilia
1098 3548 1165 3588 aon
1181 3539 1268 3588 sant.
1284 3528 1322 3591 Si
1335 3530 1419 3589 enim
1432 3527 1502 3591 dies
1511 3526 1694 3609 paschatis,

10 3692 11 3699 ,
101 3655 166 3716 qao
182 3634 337 3698 Salvator
351 3647 462 3696 noster
470 3654 595 3717 passus
610 3645 669 3712 est,
683 3636 795 3715 prima
808 3634 940 3695 sabbati
954 3633 1009 3713 (sc.
1026 3632 1078 3695 die
1093 3632 1270 3713 Dominica)
1284 3634 1376 3697 nobis
1391 3646 1554 3713 occurrat,
1572 3655 1613 3696 esc
1628 3634 1697 3717 lege

100 3738 193 3803 decet
206 3761 267 3802 nos
285 3740 372 3803 iliad
388 3742 444 3821 (sc.
468 3740 606 3823 paseha)
621 3738 674 3803 die
689 3739 835 3802 secunda
847 3746 972 3823 facere,
991 3743 1039 3802 ita
1062 3753 1098 3803 at
1116 3753 1183 3802 tota
1203 3740 1346 3803 eiusdem
1360 3740 1567 3803 bebdomada
1581 3744 1616 3803 in
1633 3763 1697 3804 sua

96 3849 254 3928 passione
266 3850 459 3930 azymisque
472 3852 543 3911 sais
558 3848 756 3925 observetur,
774 3861 937 3929 nampost
953 3847 1082 3929 pascha
1098 3859 1219 3930 septem
1236 3859 1314 3909 sunt
1327 3846 1396 3909 dies
1418 3869 1610 3927 azymorum
1627 3847 1695 3929 (Ex.

10 3950 11 3955 '
99 3956 265 4034 xrr‚18·20l
282 3974 385 4036 usque
399 3953 446 4015 ad
459 3953 544 4017 diem
557 3956 747 4037 vigesimam
761 3956 918 4036 primam.
933 3953 976 4016 Et
989 3957 1021 4016 si
1033 3953 1179 4036 qualibet
1195 3954 1265 4015 alia
1281 3953 1334 4015 die
1349 3966 1503 4015 occurrat
1507 3958 1635 4036 passio,
1651 3956 1701 4017 nil

98 4061 269 4136 babemus,
286 4082 347 4121 car
360 4063 449 4122 circa
467 4061 549 4122 haec
568 4059 796 4144 difficultatem
817 4060 1017 4137 babeamus,
1030 4060 1121 4121 nobis
1140 4073 1248 4121 autem
1264 4059 1334 4122 dies
1348 4081 1489 4143 magnas
1503 4060 1572 4123 dies
1586 4060 1698 4123 Para-

98 4186 208 4228 seeres
223 4177 281 4228 est.
299 4202 338 4213 —
355 4166 457 4250 lgitur
472 4176 597 4229 certum
616 4176 665 4228 est
684 4166 715 4228 in
735 4176 828 4250 parte
845 4166 1087 4250 septentrionali
1101 4166 1353 4250 Mesopotamiae
1371 4166 1515 4229 diversas
1529 4168 1697 4250 opiniones

99 4272 140 4334 de
155 4282 300 4355 tempore
317 4273 480 4355 paschatis
495 4272 679 4335 celebrandi
696 4274 835 4356 agitatas
852 4293 935 4337 esse.
956 4273 1083 4357 Regula
1096 4282 1214 4348 tamen,
1232 4293 1328 4356 quarn
1347 4270 1528 4357 Aphraates
1547 4274 1697 4357 proponit

98 4378 187 4442 haud
202 4379 281 4442 satis
295 4379 382 4442 clara
396 4387 494 4442 estut
510 4379 625 4442 exinde
640 4400 693 4442 res
708 4389 795 4442 certo
815 4380 884 4442 erui
899 4381 1014 4464 possit.
1029 4380 1210 4463 Apbraates
1224 4379 1305 4442 duos
1323 4400 1417 4443 cesus
1432 4381 1593 4464 respicere
1606 4381 1696 4443 vide·

99 4496 162 4549 tur.
178 4488 206 4567 a)
221 4487 346 4549 Pascha
361 4486 412 4549 die
429 4486 597 4549 Dominica
616 4487 767 4549 occurrit.
792 4487 942 4571 Regula:
963 4487 1080 4550 festum
1099 4486 1138 4549 ad
1161 4486 1246 4548 diem
1266 4496 1452 4571 sequentem
1472 4488 1693 4565 transferatur,

99 4593 154 4667 ita,
171 4578 207 4655 ut
224 4601 291 4655 tota
310 4593 511 4656 hebdomada
531 4593 687 4677 usquead
703 4593 853 4655 diem21.
870 4594 903 4655 in
919 4593 1007 4657 luctu
1026 4603 1058 4656 et
1075 4594 1195 4676 azymis
1213 4594 1410 4657 observetur.
1425 4593 1518 4658 Ratio
1533 4595 1629 4657 buius
1644 4617 1695 4658 re-

100 4699 196 4784 gulae
215 4698 285 4761 sine
314 4698 411 4763 dubio
432 4720 469 4761 ea
489 4708 549 4775 est,
570 4701 655 4783 quod
675 4700 727 4763 die
745 4700 914 4763 Dominica
936 4699 1089 4763 ieiunium
1107 4700 1252 4763 illicitum
1270 4701 1458 4764 habebatur.
1477 4702 1571 4782 Quod
1588 4711 1694 4765 autem

99 4806 139 4868 de
158 4825 344 4887 azymorum
360 4826 421 4869 usu
440 4805 528 4882 dicit,
553 4806 714 4869 iudaicam
735 4806 859 4870 redolet
879 4807 1143 4870 consuetudinem
1166 4808 1330 4891 paschatis
1348 4808 1416 4870 sine
1436 4808 1592 4872 termento
1611 4809 1696 4872 eele-

98 4912 225 4976 brandi.
237 4914 265 4995 β)
281 4912 396 4976 Passio
409 4913 472 4975 Dni
489 4913 522 4975 in
538 4913 634 4976 aliam
649 4913 735 4976 diem
758 4914 978 4977 hebdomadae
1002 4914 1122 4976 incidit.
1139 4913 1202 4977 Pro
1224 4914 1284 4976 hoc
1306 4936 1383 4977 casu
1406 4914 1526 4977 nullam
1545 4917 1698 5001 proponit

99 5019 263 5104 regulam
280 5020 383 5099 nobis,
403 5020 517 5103 inquit,
534 5020 605 5082 dies
618 5041 759 5105 magnas
774 5019 844 5084 dies
858 5021 1062 5084 Parasceres
1075 5026 1158 5091 statas
1174 5033 1232 5083 est.
1254 5020 1335 5083 Tota
1354 5042 1406 5083 res
1426 5022 1457 5082 in
1475 5043 1512 5084 eo
1530 5023 1647 5106 pendet
1664 5025 1696 5086 in

100 5146 239 5209 quanam
258 5126 493 5210 significatione
508 5127 649 5211 accipiat
663 5126 843 5211 Aphraates
858 5148 973 5190 nomen
988 5132 1071 5198 itata>
1086 5136 1169 5190 etan
1181 5128 1242 5190 tria
1257 5128 1384 5190 nomina
1402 5140 1486 5199 :inat
1504 5149 1511 5190 :
1528 5134 1620 5209 statas}
1633 5143 1697 5202 ιω

99 5242 169 5321 μμ,
183 5245 232 5305 nst
252 5245 327 5308 :tta
344 5232 428 5295 idern
450 5233 633 5317 designent.
650 5233 757 5308 Certe,
780 5234 902 5318 regula,
925 5254 1020 5317 quam
1040 5234 1192 5318 proponit
1210 5255 1269 5317 pro
1291 5256 1367 5297 casu
1388 5235 1453 5310 illa,
1480 5236 1607 5319 quando
1628 5236 1697 5299 dies

97 5342 265 5422 passionis
279 5360 353 5402 cum
372 5339 425 5402 die
447 5340 623 5402 Dominica
645 5340 818 5414 concurrit,
843 5340 976 5425 regulae
995 5360 1014 5402 a
1033 5340 1155 5423 synodo
1177 5339 1317 5403 Nicaena
1338 5349 1474 5404 statutae
1494 5363 1695 5426 nequaquam

101 5444 341 5529 correspondet,
360 5467 434 5508 cum
448 5446 500 5508 hic
517 5455 588 5534 up,
607 5458 671 5517 ttae:
687 5445 772 5508 diem
792 5448 953 5531 passionis
970 5447 1130 5532 designet.
1148 5444 1220 5510 Alia
1241 5448 1411 5511 difficultas
1423 5448 1455 5510 in
1473 5470 1510 5511 eo
1530 5459 1589 5523 est,
1609 5449 1694 5532 quod

101 5553 211 5637 nequit
229 5554 298 5615 erui
316 5562 424 5615 utrum
440 5553 509 5616 dies
524 5555 698 5636 paschatis
718 5575 757 5616 ex
777 5565 882 5617 mente
901 5555 970 5617 eius
985 5554 1055 5617 dies
1074 5555 1190 5638 aliquis
1203 5553 1429 5619 hebdomadae
1448 5556 1540 5629 fixus,
1559 5576 1598 5617 an
1617 5578 1693 5618 vero

100 5658 169 5722 dies
193 5668 301 5721 certus
323 5660 423 5722 lunae
444 5660 551 5735 luerit,
575 5681 648 5722 narn
675 5665 742 5723 n.8
767 5661 960 5741 (Demonstr.
982 5662 1038 5742 xri)
1064 5660 1142 5723 dicit
1157 5683 1163 5723 :
1180 5660 1379 5725 ludaeorum
1395 5663 1526 5744 pascito
1546 5661 1616 5724 dies
1636 5662 1693 5725 de-

101 5769 203 5829 cimus
217 5779 358 5852 quartus
376 5770 460 5847 [est],
481 5780 631 5829 nostram
646 5779 767 5845 autem,
785 5767 854 5830 dies
862 5770 1043 5850 passionis,
1060 5767 1129 5831 dies
1144 5789 1284 5851 magnas
1296 5781 1344 5831 est
1350 5790 1551 5852 parasceves
1566 5770 1693 5852 (statut),
