4108 6458
344 547 402 608 712
869 538 1115 607 PRAEFATIO
1135 580 1176 590 -
1198 541 1339 608 CAPUT
1361 541 1416 607 lll.

344 757 429 804 cara
449 743 505 804 est
519 730 638 829 pietas
657 754 700 802 ac
721 729 853 829 religio
877 730 970 804 hanc
984 731 1021 803 in
1040 744 1076 805 te
1092 745 1222 830 expeto
1237 731 1373 830 pariter
1388 759 1397 802 ε
1413 730 1444 803 si
1465 731 1501 802 in
1521 730 1590 804 hoe
1610 730 1699 803 mibi
1714 731 1938 830 obtempera·

342 864 453 951 veris,
469 863 542 935 iam
556 875 592 936 te
608 862 801 960 inpetrem
817 889 859 936 ao
873 865 1140 937 moderatorem
1156 864 1298 938 habebo
1316 895 1349 936 u.
1369 867 1467 937 llaec
1482 863 1543 936 illc
1559 863 1748 963 respondit
1764 892 1805 936 :c
1825 865 1936 947 Scito,

345 1022 424 1083 rex,
451 1021 525 1068 non
549 1021 631 1069 esse
659 995 862 1068 membrum
890 997 927 1069 in
956 1022 1107 1096 corpore
1131 1023 1230 1083 meo,
1253 998 1351 1096 quod
1374 1022 1446 1095 ego
1470 1022 1542 1069 uon
1567 979 1766 1070 reciderem
1788 1023 1940 1097 prorsus
2039 1078 2040 1101 χ

343 1142 452 1229 atque
468 1129 677 1215 obiicerem,
695 1130 727 1201 si
741 1155 896 1228 pronum
911 1130 1221 1230 deprehenderem
1241 1131 1288 1203 ad
1304 1130 1546 1203 deficiendum
1561 1156 1582 1202 a
1600 1130 1736 1204 Christi
1756 1156 1880 1204 amore
1899 1150 1939 1203 ac

342 1262 539 1363 religione,
553 1288 620 1335 nec
636 1287 761 1334 ensem
776 1288 843 1335 uec
858 1276 1011 1336 mortem
1026 1264 1151 1352 timeo,
1167 1276 1389 1363 quapropter
1403 1289 1511 1362 parce
1525 1263 1593 1337 tibi
1609 1290 1631 1335 a
1645 1263 1813 1337 molestia
1828 1290 1940 1362 expe-

342 1396 443 1471 tendi
464 1396 562 1495 quod
585 1421 771 1494 nunquam
790 1422 940 1494 prorsus
960 1396 1185 1470 committam
1200 1425 1233 1468 u.
1255 1400 1312 1468 lra
1337 1397 1473 1469 exarsit
1496 1423 1572 1481 rex,
1595 1396 1775 1495 iussitque
1796 1398 1940 1471 detrudi
2039 1386 2040 1421 ³

344 1556 426 1603 eum
447 1529 484 1601 in
504 1554 687 1602 carcerem
707 1542 743 1601 et
758 1554 840 1601 cum
855 1528 936 1628 ipso
956 1529 1048 1602 alios
1063 1531 1109 1603 ad
1128 1530 1199 1602 tria
1218 1555 1328 1628 super
1347 1529 1461 1602 millia
1476 1530 1521 1602 de
1537 1529 1733 1628 episcopis,
1751 1530 1941 1629 presbyte·
2039 1526 2040 1545 ¹

344 1662 394 1735 ris
418 1688 460 1734 ac
485 1662 663 1735 diaconis.
687 1665 772 1734 Mox
800 1674 921 1735 autem
949 1662 995 1734 iis
1022 1642 1157 1736 adiecit
1185 1663 1377 1763 sexaginta
1402 1661 1693 1736 Christianorum
1718 1663 1844 1735 millia.
1865 1667 1940 1737 Hos
2039 1728 2040 1769 ,

341 1820 469 1869 omnes
483 1808 612 1894 postea
630 1794 721 1868 scria
741 1808 845 1867 sexta
862 1794 1102 1868 hebdomadis
1121 1795 1319 1894 passionis,
1346 1795 1471 1869 eduxit
1491 1796 1528 1867 in
1548 1795 1707 1869 stadium
1726 1796 1829 1869 urbis
1844 1799 1940 1869 Kar·
2039 1812 2040 1821 ’

342 1928 602 2013 hae-Lizanae,
626 1926 859 2001 patriarchae
879 1927 1045 2001 indicens
1069 1941 1109 2001 ut
1129 1929 1357 2027 praeciperet
1375 1928 1629 2027 praesentibus
1650 1929 1860 2002 christianis
1882 1955 1940 2001 re-

344 2062 512 2134 nuntiare
532 2060 678 2134 Christo
703 2085 745 2132 ao
769 2061 869 2161 regis
888 2060 1105 2161 religionem
1127 2061 1311 2160 amplecti,
1329 2063 1428 2160 quod
1452 2062 1483 2134 si
1507 2062 1670 2134 lacerent
1689 2087 1730 2134 se
1744 2062 1800 2135 eis
1815 2088 1936 2161 opum,

345 2218 535 2267 munerum
555 2204 663 2292 atque
681 2194 860 2267 honorum
877 2207 1052 2293 quantum
1072 2206 1285 2293 expeterent
1300 2218 1573 2281 concessurum,
1591 2194 1649 2266 sin
1664 2208 1787 2299 autem
1801 2196 1939 2269 detrec·
2039 2188 2040 2193 ἵ

344 2340 476 2413 tarent,
495 2326 656 2399 cervices
676 2326 729 2399 eis
749 2327 1003 2400 incunctanter
1022 2326 1232 2400 obtruncari
1252 2326 1450 2399 iussurum.
1465 2330 1514 2399 At
1533 2340 1637 2426 pater
1656 2340 1806 2400 sanctus
1826 2328 1940 2401 incla-
2039 2364 2040 2431 3

344 2461 456 2533 mavit
474 2460 551 2533 eis:
576 2486 595 2530 c
617 2462 693 2531 lam
712 2485 808 2532 nunc
828 2460 996 2546 audistis,
1012 2459 1090 2546 filii,
1107 2460 1205 2533 dicta
1225 2461 1375 2560 Saporis
1391 2486 1435 2533 ex
1458 2486 1520 2533 ore
1541 2461 1633 2548 eius,
1650 2461 1738 2560 quid
1750 2461 1866 2559 pluris
1884 2463 1939 2534 la·
2039 2466 2040 2489 ¹

345 2594 442 2680 citis,
458 2592 553 2666 dona
568 2592 738 2666 caelestis
752 2592 853 2692 regis
870 2593 907 2665 in
926 2606 1116 2666 aeternum
1130 2595 1329 2692 perstitura
1344 2620 1390 2666 an
1405 2593 1554 2681 terreni,
1573 2620 1665 2693 quae
1681 2594 1776 2667 lluxa
1796 2608 1881 2668 sunt
1898 2623 1939 2668 ao

343 2750 575 2798 aerumnosa.
600 2756 617 2791 »
634 2725 693 2797 Ad
712 2723 802 2797 haec
821 2750 931 2796 unam
951 2725 1044 2797 hano
1060 2725 1268 2800 extulerunt
1285 2752 1411 2799 vocem
1428 2755 1436 2798 :
1456 2757 1473 2794 «
1489 2730 1521 2801 Ο
1537 2727 1744 2800 venerande
1759 2726 1937 2827 dignitate

344 2859 412 2947 vir,
431 2884 522 2959 grex
540 2883 608 2931 nos
628 2856 764 2931 Christi
789 2883 915 2931 sumus
934 2872 975 2930 tu
998 2858 1105 2931 nobis
1129 2873 1255 2958 pastor
1276 2859 1322 2932 ab
1342 2860 1422 2959 ipso
1438 2860 1690 2958 praestitutus,
1705 2874 1937 2959 praeceptum
2039 2944 2040 2961 ,

343 3005 447 3065 tuum
470 2968 542 3064 non
562 2990 895 3091 transgrediemur;
918 2991 1016 3089 quod
1040 3016 1141 3064 amas
1161 3017 1339 3079 amamuS,
1362 2992 1460 3091 quod
1481 2992 1591 3065 odisti
1617 2993 1761 3066 odimus
1783 3022 1817 3065 n.
1839 2994 1938 3067 Tunc
2039 3016 2040 3105 ,

344 3123 407 3197 ille
420 3123 489 3196 Dei
505 3123 681 3197 charitate
701 3136 829 3196 actus:
849 3151 866 3192 ι
883 3123 1044 3209 Calcate,
1061 3124 1192 3223 inquit,
1210 3125 1288 3213 filii,
1307 3125 1435 3199 mortis
1449 3125 1629 3214 aculeum,
1642 3124 1743 3198 illum
1759 3126 1855 3198 enirn
1870 3126 1938 3198 iam
2039 3120 2040 3163 l

344 3257 456 3356 fregit
476 3257 645 3331 Christus
666 3257 827 3329 moriens
846 3281 888 3329 ac
909 3282 1134 3356 resurgens:
1157 3258 1370 3356 patientiam
1391 3273 1550 3332 vestram
1573 3258 1801 3332 dilectissimi
1822 3259 1939 3332 inteu-

345 3391 420 3464 dite
439 3389 593 3463 viriliter
608 3402 644 3463 et
654 3403 846 3488 properate
861 3391 1009 3488 assequi
1025 3390 1183 3464 caeleste
1199 3417 1368 3491 regnum,
1382 3405 1597 3491 superantes
1609 3391 1761 3464 insidias
1782 3392 1862 3465 eius
1881 3392 1938 3490 qui
2039 3388 2040 3397 '

344 3523 445 3597 ducit
464 3523 511 3596 ad
529 3548 688 3596 errorem
700 3549 741 3595 ac
754 3523 979 3596 coecitatem.
1006 3554 1023 3590 »
1048 3525 1293 3597 Exaoerbatus
1313 3552 1377 3598 rex
1392 3528 1509 3624 Sapor
1529 3524 1586 3597 his
1597 3499 1733 3611 verbis,
1747 3525 1939 3598 excanduit

344 3670 381 3731 et
399 3656 508 3730 iussit
521 3657 599 3729 acic
619 3655 733 3756 gladii
753 3655 914 3754 praecidi
934 3656 1095 3729 cervices
1115 3683 1253 3730 eorum.
1278 3657 1354 3730 lllis
1370 3657 1540 3730 omnibus
1560 3658 1736 3757 martyrio
1757 3659 1937 3731 coronatis
2039 3644 2040 3649 ¹

347 3788 562 3863 exclamavit
575 3792 683 3861 Pater
698 3802 846 3861 sanctus
869 3816 877 3860 ε
902 3816 920 3859 c
944 3789 998 3862 Sit
1014 3792 1091 3862 Deo
1106 3789 1186 3862 laus
1207 3804 1243 3864 et
1263 3791 1394 3890 gloria,
1409 3792 1507 3890 quod
1526 3791 1649 3864 nullus
1664 3790 1822 3863 liliorum
1843 3817 1940 3864 mco-

347 3946 428 3995 rum
448 3921 532 3995 sivit
551 3947 608 3994 me
627 3923 765 4020 pudere
787 3949 805 3992 n
827 3934 863 3995 et
882 3922 955 3995 iam
975 3923 1137 4021 seipsum
1153 3924 1309 3997 ollerens
1334 3923 1414 3996 neci
1437 3952 1445 3994 ι
1471 3954 1488 3990 «
1512 3927 1599 4010 Has,
1619 3925 1683 4010 ait,
1699 3923 1824 4023 accipe
1844 3927 1940 3997 Deus

347 4056 515 4129 victimas
540 4079 664 4154 puras.
685 4081 702 4125 a
725 4054 905 4129 Omnibus
934 4055 1057 4153 itaque
1083 4057 1277 4130 exstinctis
1307 4056 1480 4130 volebant
1510 4058 1610 4157 magi
1636 4057 1790 4131 cremari
1821 4081 1941 4131 eorum

350 4214 520 4287 corpora;
538 4200 575 4260 at
592 4201 741 4260 ventum
760 4188 860 4261 misit
879 4191 979 4261 Deus
1000 4189 1266 4275 vehementem,
1282 4190 1344 4288 qui
1364 4203 1503 4263 tantam
1523 4215 1654 4263 arenae
1677 4191 1819 4288 copiam
1837 4215 1943 4289 super

350 4321 413 4393 illa
433 4321 634 4421 congessit,
656 4333 698 4394 ut
718 4319 755 4391 in
775 4321 929 4394 sormam
948 4322 1089 4419 proceri
1117 4322 1221 4395 collis
1241 4337 1467 4422 assurgeret,
1483 4323 1546 4421 qui
1565 4336 1602 4396 et
1625 4348 1721 4395 nunc
1740 4336 1882 4422 perstat
1903 4348 1942 4395 ac
2039 4416 2040 4427 ἵ

349 4453 504 4527 subinde
522 4480 587 4552 per
606 4453 739 4525 clivum
754 4453 856 4526 illum
872 4454 994 4528 variae
1012 4468 1167 4528 vernant
1181 4455 1327 4555 plantae
1340 4456 1432 4528 miro
1447 4457 1559 4528 odore
1573 4456 1796 4554 fragrantes.
1812 4458 1942 4560 Nostro

350 4588 460 4660 otiam
478 4600 641 4684 tempore
661 4586 740 4659 eius
760 4587 922 4686 regionis
935 4588 1135 4661 Christiani
1155 4587 1445 4661 benedictionem
1467 4614 1511 4661 ex
1530 4588 1593 4661 illo
1608 4587 1689 4661 loco
1705 4589 1876 4662 invocant
1894 4601 1942 4661 at·
2039 4562 2040 4565 Ἴ

350 4747 419 4819 que
440 4719 622 4792 interdum
642 4719 795 4792 iudaeis
815 4720 984 4819 prodigia
1000 4722 1183 4794 eveniunt.

424 4852 500 4926 Sub
520 4854 629 4926 finem
649 4853 734 4924 anni
754 4852 852 4926 illius
872 4854 989 4925 occidi
1014 4854 1199 4927 mandavit
1223 4854 1357 4953 impius
1379 4857 1496 4954 Sapor
1514 4853 1734 4926 christianos
1754 4854 1943 4953 regionum

350 4991 566 5086 Bagarmae‚
584 4984 829 5073 harh-Saluh,
850 4987 988 5058 Ahwaz
1013 4987 1285 5076 Deir-Ahmari,
1307 4986 1477 5076 Arbelae,
1500 4987 1689 5085 Assyriae,
1712 4986 1859 5074 Mosuli,
1888 4986 1943 5059 Ni·
2039 5002 2040 5065 ζ

350 5121 469 5209 nivae,
492 5122 656 5218 Margae,
679 5119 841 5204 Gesirae,
861 5119 1071 5218 Euphratis
1089 5121 1136 5193 ad
1152 5135 1297 5194 centum
1317 5121 1518 5219 nonaginta
1533 5119 1721 5191 bominum
1737 5118 1896 5192 millia...
2039 5120 2040 5123 ’

423 5255 590 5327 Mortuus
611 5253 735 5352 itaque
760 5264 816 5325 cst
839 5264 942 5349 pater
968 5254 1037 5326 istc
1065 5268 1214 5328 sanctus
1239 5255 1385 5327 Simeon
1412 5253 1611 5326 Barsaha‘e
1636 5253 1672 5324 in
1697 5252 1848 5353 regione
1876 5255 1942 5324 Hu·
2039 5274 2040 5287 ¹

348 5387 501 5458 citarum
533 5386 570 5458 in
599 5385 895 5472 Karha-Lizana,
919 5386 978 5459 dic
1009 5386 1212 5460 dominicae
1246 5386 1510 5486 crucifixionis,
1540 5386 1583 5458 13
1614 5385 1753 5484 aprilis,
1777 5411 1872 5459 auno
1899 5382 1941 5456 ab

349 5520 558 5594 Alexandro
578 5520 649 5593 655
668 5522 787 5618 [supp.
810 5519 936 5618 pasch.
959 5521 996 5591 2.
1019 5522 1092 5615 36].

424 5654 544 5727 Prima
559 5679 643 5752 pars
663 5652 883 5725 narrationis
900 5653 1020 5743 iatine,
1037 5679 1156 5727 sermo
1177 5654 1317 5727 scilicet
1334 5657 1372 5728 S.
1392 5653 1574 5727 Simeonis
1588 5652 1702 5726 verbo
1716 5665 1825 5726 tenus
1840 5674 1938 5748 repe·

348 5789 440 5862 ritur
453 5789 489 5861 in
502 5791 591 5877 MS„
610 5788 750 5886 reliqua
761 5787 1110 5886 exaggerationibus
1122 5787 1331 5861 enormibus
1347 5801 1453 5861 aucta
1469 5800 1571 5873 sunt;
1582 5788 1652 5860 tria
1665 5785 1780 5859 millia
1791 5784 1936 5859 clerico·
