<?xml version="1.0" encoding="UTF-8"?>
<!DOCTYPE html PUBLIC "-//W3C//DTD XHTML 1.0 Transitional//EN"
    "http://www.w3.org/TR/xhtml1/DTD/xhtml1-transitional.dtd">
<html xmlns="http://www.w3.org/1999/xhtml" xml:lang="en" lang="en">
 <head>
  <title>
</title>
<meta http-equiv="Content-Type" content="text/html;charset=utf-8" />
  <meta name='ocr-system' content='tesseract 3.04.00' />
  <meta name='ocr-capabilities' content='ocr_page ocr_carea ocr_par ocr_line ocrx_word'/>
</head>
<body>
  <div class='ocr_page' id='page_1' title='image "./patrologiasyria02grafgoog_0702.png"; bbox 0 0 4122 6472; ppageno 0'>
   <div class='ocr_carea' id='block_1_1' title="bbox 332 465 1566 531">
    <p class='ocr_par' dir='ltr' id='par_1_1' title="bbox 332 465 1566 531">
     <span class='ocr_line' id='line_1_1' title="bbox 332 465 1566 531; baseline -0.002 0"><span class='ocrx_word' id='word_1_1' title='bbox 332 472 409 531; x_wconf 84' lang='lat'><strong>1373</strong></span> <span class='ocrx_word' id='word_1_2' title='bbox 695 465 1042 531; x_wconf 78' lang='lat' dir='ltr'><strong>APOTELESMATA</strong></span> <span class='ocrx_word' id='word_1_3' title='bbox 1064 465 1295 530; x_wconf 82' lang='lat' dir='ltr'><strong>APOLLONll</strong></span> <span class='ocrx_word' id='word_1_4' title='bbox 1316 466 1566 531; x_wconf 77' lang='lat' dir='ltr'><strong>TYANENSlS.</strong></span> 
     </span>
    </p>
   </div>
   <div class='ocr_carea' id='block_1_2' title="bbox 174 625 2058 1350">
    <p class='ocr_par' dir='ltr' id='par_1_2' title="bbox 333 625 2058 851">
     <span class='ocr_line' id='line_1_2' title="bbox 333 625 2058 728; baseline -0.003 -26"><span class='ocrx_word' id='word_1_5' title='bbox 333 641 402 702; x_wconf 79' lang='grc' dir='ltr'>ἔστι</span> <span class='ocrx_word' id='word_1_6' title='bbox 427 640 542 728; x_wconf 83' lang='grc' dir='ltr'>σημεῖα</span> <span class='ocrx_word' id='word_1_7' title='bbox 572 637 625 701; x_wconf 80' lang='grc' dir='ltr'><strong>καὶ</strong></span> <span class='ocrx_word' id='word_1_8' title='bbox 652 626 777 712; x_wconf 77' lang='grc' dir='ltr'>1ξειος“</span> <span class='ocrx_word' id='word_1_9' title='bbox 807 632 954 724; x_wconf 74' lang='grc' dir='ltr'>τεράστια</span> <span class='ocrx_word' id='word_1_10' title='bbox 981 630 1032 700; x_wconf 82' lang='grc' dir='ltr'><strong>καὶ</strong></span> <span class='ocrx_word' id='word_1_11' title='bbox 1061 635 1231 725; x_wconf 73' lang='grc' dir='ltr'>μυστήρια,</span> <span class='ocrx_word' id='word_1_12' title='bbox 1261 639 1344 726; x_wconf 82' lang='grc' dir='ltr'>λέγω</span> <span class='ocrx_word' id='word_1_13' title='bbox 1371 625 1411 709; x_wconf 74' lang='grc' dir='ltr'><strong>δὴ</strong></span> <span class='ocrx_word' id='word_1_14' title='bbox 1442 633 1500 710; x_wconf 81' lang='grc' dir='ltr'>τὴν</span> <span class='ocrx_word' id='word_1_15' title='bbox 1527 632 1596 727; x_wconf 85' lang='grc' dir='ltr'>περὶ</span> <span class='ocrx_word' id='word_1_16' title='bbox 1621 636 1843 727; x_wconf 76' lang='grc' dir='ltr'>στοιχειώσεως</span> <span class='ocrx_word' id='word_1_17' title='bbox 1870 640 1939 699; x_wconf 79' lang='grc' dir='ltr'>τῶν</span> <span class='ocrx_word' id='word_1_18' title='bbox 2057 654 2058 723; x_wconf 65' lang='lat' dir='ltr'><strong>j</strong></span> 
     </span>
     <span class='ocr_line' id='line_1_3' title="bbox 333 750 2058 851; baseline 0.001 -27"><span class='ocrx_word' id='word_1_19' title='bbox 333 764 392 825; x_wconf 76' lang='grc' dir='ltr'><strong>ὑπὸ</strong></span> <span class='ocrx_word' id='word_1_20' title='bbox 417 768 471 826; x_wconf 84' lang='grc' dir='ltr'>τοῦ</span> <span class='ocrx_word' id='word_1_21' title='bbox 492 758 558 826; x_wconf 81' lang='grc' dir='ltr'>θεοῦ</span> <span class='ocrx_word' id='word_1_22' title='bbox 573 750 893 851; x_wconf 56' lang='grc' dir='ltr'><strong>δημιουργηθίντιον15</strong></span> <span class='ocrx_word' id='word_1_23' title='bbox 914 755 967 824; x_wconf 82' lang='grc' dir='ltr'><strong>καὶ</strong></span> <span class='ocrx_word' id='word_1_24' title='bbox 985 760 1134 851; x_wconf 75' lang='grc' dir='ltr'>όρομένιον</span> <span class='ocrx_word' id='word_1_25' title='bbox 1159 757 1354 850; x_wconf 76' lang='grc' dir='ltr'><strong>κτισμάτων,</strong></span> <span class='ocrx_word' id='word_1_26' title='bbox 1373 757 1411 832; x_wconf 74' lang='grc' dir='ltr'><strong>ἢν</strong></span> <span class='ocrx_word' id='word_1_27' title='bbox 1431 759 1446 826; x_wconf 88' lang='grc' dir='ltr'>ό</span> <span class='ocrx_word' id='word_1_28' title='bbox 1467 752 1749 851; x_wconf 73' lang='grc' dir='ltr'>μεταχειριζόμενος</span> <span class='ocrx_word' id='word_1_29' title='bbox 1763 756 1791 791; x_wconf 83' lang='lat'><strong>⁴⁸</strong></span> <span class='ocrx_word' id='word_1_30' title='bbox 1812 757 1839 825; x_wconf 80' lang='lat' dir='ltr'><strong>si</strong></span> <span class='ocrx_word' id='word_1_31' title='bbox 1859 759 1940 844; x_wconf 86' lang='grc' dir='ltr'>βοό·</span> <span class='ocrx_word' id='word_1_32' title='bbox 2057 808 2058 811; x_wconf 63' lang='lat'><strong>,</strong></span> 
     </span>
    </p>

    <p class='ocr_par' dir='ltr' id='par_1_3' title="bbox 174 873 1940 1350">
     <span class='ocr_line' id='line_1_4' title="bbox 211 873 1940 976; baseline 0 -27"><span class='ocrx_word' id='word_1_33' title='bbox 211 899 265 949; x_wconf 66' lang='grc' dir='ltr'><strong>*Β</strong></span> <span class='ocrx_word' id='word_1_34' title='bbox 335 890 426 951; x_wconf 86' lang='grc' dir='ltr'>λεται</span> <span class='ocrx_word' id='word_1_35' title='bbox 439 882 465 917; x_wconf 83' lang='lat'><strong>&#39;⁷</strong></span> <span class='ocrx_word' id='word_1_36' title='bbox 490 880 790 976; x_wconf 74' lang='grc' dir='ltr'>ἐπιτετευχμένως“</span> <span class='ocrx_word' id='word_1_37' title='bbox 814 888 867 948; x_wconf 77' lang='grc' dir='ltr'><strong>καὶ</strong></span> <span class='ocrx_word' id='word_1_38' title='bbox 892 885 1045 976; x_wconf 80' lang='grc' dir='ltr'>εὐστόχως</span> <span class='ocrx_word' id='word_1_39' title='bbox 1067 887 1263 949; x_wconf 82' lang='grc' dir='ltr'>τὰτοιαῦτα</span> <span class='ocrx_word' id='word_1_40' title='bbox 1286 879 1476 975; x_wconf 75' lang='grc' dir='ltr'>τεράστια”</span> <span class='ocrx_word' id='word_1_41' title='bbox 1501 873 1762 975; x_wconf 68' lang='grc' dir='ltr'>διαπράττεσθαι,</span> <span class='ocrx_word' id='word_1_42' title='bbox 1789 880 1802 905; x_wconf 77' lang='lat'>*</span> <span class='ocrx_word' id='word_1_43' title='bbox 1829 887 1940 960; x_wconf 73' lang='grc' dir='ltr'>πάσης</span> 
     </span>
     <span class='ocr_line' id='line_1_5' title="bbox 174 969 1936 1104; baseline -0.003 -26"><span class='ocrx_word' id='word_1_44' title='bbox 174 969 220 1020; x_wconf 58' lang='lat'><strong>‘⁰¹&#39;</strong></span> <span class='ocrx_word' id='word_1_45' title='bbox 235 974 266 1019; x_wconf 64' lang='lat'><strong>³⁶</strong></span> <span class='ocrx_word' id='word_1_46' title='bbox 279 980 316 1019; x_wconf 48' lang='grc' dir='ltr'><strong>ψ’</strong></span> <span class='ocrx_word' id='word_1_47' title='bbox 342 1010 513 1104; x_wconf 78' lang='grc' dir='ltr'>ἀπέχεσθαι</span> <span class='ocrx_word' id='word_1_48' title='bbox 539 1004 714 1098; x_wconf 68' lang='grc' dir='ltr'><strong>(όφείλει)’ο</strong></span> <span class='ocrx_word' id='word_1_49' title='bbox 740 1003 904 1098; x_wconf 67' lang='grc' dir='ltr'><strong>πονηροῖς21</strong></span> <span class='ocrx_word' id='word_1_50' title='bbox 934 1000 1081 1099; x_wconf 74' lang='grc' dir='ltr'>πράξεως,</span> <span class='ocrx_word' id='word_1_51' title='bbox 1111 1013 1253 1098; x_wconf 75' lang='grc' dir='ltr'>μάλιστα</span> <span class='ocrx_word' id='word_1_52' title='bbox 1276 998 1312 1073; x_wconf 72' lang='grc' dir='ltr'><strong>δὲ</strong></span> <span class='ocrx_word' id='word_1_53' title='bbox 1337 1014 1393 1085; x_wconf 77' lang='grc' dir='ltr'>τῆς</span> <span class='ocrx_word' id='word_1_54' title='bbox 1415 1009 1490 1100; x_wconf 85' lang='grc' dir='ltr'>πρὸς</span> <span class='ocrx_word' id='word_1_55' title='bbox 1515 1013 1572 1085; x_wconf 70' lang='grc' dir='ltr'>τὰς</span> <span class='ocrx_word' id='word_1_56' title='bbox 1594 986 1743 1100; x_wconf 81' lang='grc' dir='ltr'>γυναῖκας</span> <span class='ocrx_word' id='word_1_57' title='bbox 1768 1002 1936 1099; x_wconf 72' lang='grc' dir='ltr'>όμιλίας”</span> 
     </span>
     <span class='ocr_line' id='line_1_6' title="bbox 335 1121 1937 1226; baseline -0.002 -25"><span class='ocrx_word' id='word_1_58' title='bbox 335 1133 389 1201; x_wconf 78' lang='grc' dir='ltr'><strong>καὶ</strong></span> <span class='ocrx_word' id='word_1_59' title='bbox 408 1138 617 1210; x_wconf 83' lang='grc' dir='ltr'>συνελεύσεως.</span> <span class='ocrx_word' id='word_1_60' title='bbox 639 1127 743 1199; x_wconf 77' lang='grc' dir='ltr'>Ἀλλὰ</span> <span class='ocrx_word' id='word_1_61' title='bbox 757 1127 816 1224; x_wconf 81' lang='grc' dir='ltr'><strong>γὰρ</strong></span> <span class='ocrx_word' id='word_1_62' title='bbox 840 1121 908 1198; x_wconf 79' lang='grc' dir='ltr'>οὐδὲ</span> <span class='ocrx_word' id='word_1_63' title='bbox 926 1140 1080 1224; x_wconf 78' lang='grc' dir='ltr'>γυναικῶν</span> <span class='ocrx_word' id='word_1_64' title='bbox 1097 1128 1247 1223; x_wconf 70' lang='grc' dir='ltr'>όρειλιι”</span> <span class='ocrx_word' id='word_1_65' title='bbox 1269 1134 1451 1225; x_wconf 66' lang='lat' dir='ltr'><strong>inupti-len</strong></span> <span class='ocrx_word' id='word_1_66' title='bbox 1474 1129 1643 1226; x_wconf 61' lang='lat' dir='ltr'><strong>ppitslau²⁴</strong></span> <span class='ocrx_word' id='word_1_67' title='bbox 1658 1133 1729 1225; x_wconf 78' lang='grc' dir='ltr'>πρὸς</span> <span class='ocrx_word' id='word_1_68' title='bbox 1751 1128 1807 1209; x_wconf 73' lang='grc' dir='ltr'><strong>τας</strong></span> <span class='ocrx_word' id='word_1_69' title='bbox 1829 1138 1937 1198; x_wconf 85' lang='grc' dir='ltr'>τοιαύ-</span> 
     </span>
     <span class='ocr_line' id='line_1_7' title="bbox 339 1249 1937 1350; baseline -0.002 -25"><span class='ocrx_word' id='word_1_70' title='bbox 339 1254 438 1337; x_wconf 57' lang='grc' dir='ltr'><strong>ταςπ</strong></span> <span class='ocrx_word' id='word_1_71' title='bbox 460 1253 606 1350; x_wconf 81' lang='grc' dir='ltr'>ε’νεργίας,</span> <span class='ocrx_word' id='word_1_72' title='bbox 633 1249 737 1330; x_wconf 73' lang='grc' dir='ltr'>ἐπειδὴ</span> <span class='ocrx_word' id='word_1_73' title='bbox 761 1262 926 1350; x_wconf 67' lang='grc' dir='ltr'>παράλογα</span> <span class='ocrx_word' id='word_1_74' title='bbox 948 1261 1000 1321; x_wconf 79' lang='grc' dir='ltr'><strong>ὑπ’</strong></span> <span class='ocrx_word' id='word_1_75' title='bbox 1027 1257 1128 1323; x_wconf 82' lang='grc' dir='ltr'>αὐτῶν</span> <span class='ocrx_word' id='word_1_76' title='bbox 1157 1254 1261 1322; x_wconf 77' lang='grc' dir='ltr'>πολλὰ</span> <span class='ocrx_word' id='word_1_77' title='bbox 1282 1249 1459 1323; x_wconf 77' lang='grc' dir='ltr'>ἀποόαίνειν</span> <span class='ocrx_word' id='word_1_78' title='bbox 1482 1261 1646 1350; x_wconf 77' lang='grc' dir='ltr'>πεφύκασι.</span> <span class='ocrx_word' id='word_1_79' title='bbox 1667 1253 1709 1324; x_wconf 83' lang='lat' dir='ltr'><strong>Ei</strong></span> <span class='ocrx_word' id='word_1_80' title='bbox 1730 1262 1788 1350; x_wconf 72' lang='grc' dir='ltr'><strong>γὰρ</strong></span> <span class='ocrx_word' id='word_1_81' title='bbox 1812 1252 1937 1349; x_wconf 73' lang='grc' dir='ltr'>τόχιρ”</span> 
     </span>
    </p>
   </div>
   <div class='ocr_carea' id='block_1_3' title="bbox 336 1370 1941 1476">
    <p class='ocr_par' dir='ltr' id='par_1_4' title="bbox 336 1366 2058 1487">
     <span class='ocr_line' id='line_1_8' title="bbox 336 1370 1941 1476; baseline -0.002 -27"><span class='ocrx_word' id='word_1_82' title='bbox 336 1382 366 1449; x_wconf 82' lang='grc' dir='ltr'><strong>ἐν</strong></span> <span class='ocrx_word' id='word_1_83' title='bbox 380 1378 564 1476; x_wconf 52' lang='grc' dir='ltr'><strong>ἐμμόνοις*7</strong></span> <span class='ocrx_word' id='word_1_84' title='bbox 580 1375 670 1467; x_wconf 74' lang='grc' dir='ltr'>οὖσα,</span> <span class='ocrx_word' id='word_1_85' title='bbox 686 1384 731 1447; x_wconf 76' lang='grc' dir='ltr'>τὰ</span> <span class='ocrx_word' id='word_1_86' title='bbox 748 1371 861 1472; x_wconf 85' lang='grc' dir='ltr'>δένδρα</span> <span class='ocrx_word' id='word_1_87' title='bbox 879 1382 907 1445; x_wconf 83' lang='grc' dir='ltr'><strong>ἐν</strong></span> <span class='ocrx_word' id='word_1_88' title='bbox 925 1375 970 1458; x_wconf 72' lang='grc' dir='ltr'><strong>οἷς</strong></span> <span class='ocrx_word' id='word_1_89' title='bbox 992 1380 1029 1446; x_wconf 78' lang='grc' dir='ltr'><strong>ἂν</strong></span> <span class='ocrx_word' id='word_1_90' title='bbox 1051 1374 1209 1470; x_wconf 69' lang='grc' dir='ltr'>πλησιάζῃ</span> <span class='ocrx_word' id='word_1_91' title='bbox 1217 1375 1245 1413; x_wconf 77' lang='lat'><strong>²⁸</strong></span> <span class='ocrx_word' id='word_1_92' title='bbox 1266 1372 1478 1473; x_wconf 75' lang='grc' dir='ltr'>ξηραίνονται,</span> <span class='ocrx_word' id='word_1_93' title='bbox 1495 1379 1549 1448; x_wconf 76' lang='grc' dir='ltr'><strong>καὶ</strong></span> <span class='ocrx_word' id='word_1_94' title='bbox 1568 1384 1671 1474; x_wconf 84' lang='grc' dir='ltr'>βρόσει</span> <span class='ocrx_word' id='word_1_95' title='bbox 1684 1370 1799 1458; x_wconf 79' lang='grc' dir='ltr'>ὕδατος</span> <span class='ocrx_word' id='word_1_96' title='bbox 1816 1390 1941 1447; x_wconf 81' lang='grc' dir='ltr'>ποιοῦσι</span> 
     </span>
    </p>
   </div>
   <div class='ocr_carea' id='block_1_4' title="bbox 342 1498 2058 2099">
    <p class='ocr_par' dir='ltr' id='par_1_5' title="bbox 342 1498 2058 2099">
     <span class='ocr_line' id='line_1_9' title="bbox 342 1498 1939 1599; baseline -0.001 -26"><span class='ocrx_word' id='word_1_97' title='bbox 342 1506 535 1592; x_wconf 81' lang='grc' dir='ltr'>βλάπτεσθαι</span> <span class='ocrx_word' id='word_1_98' title='bbox 548 1502 664 1572; x_wconf 63' lang='lat' dir='ltr'><strong>utet²⁰</strong></span> <span class='ocrx_word' id='word_1_99' title='bbox 681 1500 743 1571; x_wconf 83' lang='grc' dir='ltr'>αἶνιο</span> <span class='ocrx_word' id='word_1_100' title='bbox 752 1504 805 1572; x_wconf 76' lang='grc' dir='ltr'><strong>καὶ</strong></span> <span class='ocrx_word' id='word_1_101' title='bbox 820 1498 1157 1598; x_wconf 52' lang='grc' dir='ltr'>ἐκτοστρομόοῦσθαιθ·</span> <span class='ocrx_word' id='word_1_102' title='bbox 1170 1502 1223 1572; x_wconf 85' lang='grc' dir='ltr'>ιιαὶ</span> <span class='ocrx_word' id='word_1_103' title='bbox 1235 1506 1384 1596; x_wconf 74' lang='grc' dir='ltr'>φέρεσθαι.</span> <span class='ocrx_word' id='word_1_104' title='bbox 1400 1506 1470 1599; x_wconf 73' lang='grc' dir='ltr'><strong>Χρὴ</strong></span> <span class='ocrx_word' id='word_1_105' title='bbox 1482 1501 1547 1589; x_wconf 75' lang='grc' dir='ltr'>οὖν,</span> <span class='ocrx_word' id='word_1_106' title='bbox 1560 1511 1600 1583; x_wconf 84' lang='grc' dir='ltr'><strong>ὡς</strong></span> <span class='ocrx_word' id='word_1_107' title='bbox 1615 1504 1748 1597; x_wconf 83' lang='grc' dir='ltr'>εἴρηται,</span> <span class='ocrx_word' id='word_1_108' title='bbox 1764 1498 1939 1597; x_wconf 52' lang='lat' dir='ltr'><strong>tepidae·</strong></span> 
     </span>
     <span class='ocr_line' id='line_1_10' title="bbox 342 1624 2058 1725; baseline -0.002 -27"><span class='ocrx_word' id='word_1_109' title='bbox 342 1627 526 1698; x_wconf 74' lang='grc' dir='ltr'>τὰτοιαῦτα</span> <span class='ocrx_word' id='word_1_110' title='bbox 543 1629 838 1724; x_wconf 73' lang='grc' dir='ltr'>παραφυλάττεσθαι</span> <span class='ocrx_word' id='word_1_111' title='bbox 848 1628 894 1715; x_wconf 79' lang='lat'><strong>³¹,</strong></span> <span class='ocrx_word' id='word_1_112' title='bbox 911 1634 972 1696; x_wconf 85' lang='grc' dir='ltr'>εῐτε</span> <span class='ocrx_word' id='word_1_113' title='bbox 986 1633 1068 1709; x_wconf 78' lang='grc' dir='ltr'>ὅλως</span> <span class='ocrx_word' id='word_1_114' title='bbox 1077 1655 1124 1707; x_wconf 84' lang='grc' dir='ltr'>τις</span> <span class='ocrx_word' id='word_1_115' title='bbox 1139 1630 1233 1696; x_wconf 76' lang='grc' dir='ltr'>ὶθόλει</span> <span class='ocrx_word' id='word_1_116' title='bbox 1250 1630 1309 1695; x_wconf 79' lang='grc' dir='ltr'><strong>ὑπὸ</strong></span> <span class='ocrx_word' id='word_1_117' title='bbox 1323 1630 1376 1696; x_wconf 85' lang='grc' dir='ltr'>τὸν</span> <span class='ocrx_word' id='word_1_118' title='bbox 1389 1638 1445 1708; x_wconf 81' lang='grc' dir='ltr'>τῆς</span> <span class='ocrx_word' id='word_1_119' title='bbox 1459 1629 1592 1724; x_wconf 68' lang='grc' dir='ltr'>ἀνάγκης</span> <span class='ocrx_word' id='word_1_120' title='bbox 1605 1624 1695 1725; x_wconf 70' lang='grc' dir='ltr'>ζυγὸν</span> <span class='ocrx_word' id='word_1_121' title='bbox 1709 1626 1941 1724; x_wconf 68' lang='grc' dir='ltr'>ἐργάσασθαι”</span> <span class='ocrx_word' id='word_1_122' title='bbox 2057 1680 2058 1701; x_wconf 65' lang='lat'><strong>,</strong></span> 
     </span>
     <span class='ocr_line' id='line_1_11' title="bbox 352 1745 2015 1848; baseline -0.004 -27"><span class='ocrx_word' id='word_1_123' title='bbox 352 1753 492 1823; x_wconf 76' lang='grc' dir='ltr'>πάντα”</span> <span class='ocrx_word' id='word_1_124' title='bbox 513 1757 557 1821; x_wconf 83' lang='grc' dir='ltr'><strong>τα</strong></span> <span class='ocrx_word' id='word_1_125' title='bbox 579 1754 653 1822; x_wconf 86' lang='grc' dir='ltr'>ὄντα</span> <span class='ocrx_word' id='word_1_126' title='bbox 679 1757 728 1822; x_wconf 81' lang='grc' dir='ltr'><strong>ἐπὶ</strong></span> <span class='ocrx_word' id='word_1_127' title='bbox 753 1764 813 1833; x_wconf 78' lang='grc' dir='ltr'>τῆς</span> <span class='ocrx_word' id='word_1_128' title='bbox 833 1763 905 1846; x_wconf 80' lang='grc' dir='ltr'><strong>γῆς,</strong></span> <span class='ocrx_word' id='word_1_129' title='bbox 920 1745 1034 1846; x_wconf 76' lang='grc' dir='ltr'>δένδρα</span> <span class='ocrx_word' id='word_1_130' title='bbox 1057 1755 1140 1820; x_wconf 87' lang='grc' dir='ltr'>λόων</span> <span class='ocrx_word' id='word_1_131' title='bbox 1162 1752 1216 1820; x_wconf 82' lang='grc' dir='ltr'><strong>καὶ</strong></span> <span class='ocrx_word' id='word_1_132' title='bbox 1239 1753 1328 1847; x_wconf 88' lang='grc' dir='ltr'>όρνεα</span> <span class='ocrx_word' id='word_1_133' title='bbox 1356 1761 1408 1821; x_wconf 79' lang='grc' dir='ltr'>καὶ</span> <span class='ocrx_word' id='word_1_134' title='bbox 1429 1755 1516 1848; x_wconf 89' lang='grc' dir='ltr'>θηρία</span> <span class='ocrx_word' id='word_1_135' title='bbox 1539 1751 1591 1821; x_wconf 80' lang='grc' dir='ltr'><strong>καὶ</strong></span> <span class='ocrx_word' id='word_1_136' title='bbox 1615 1758 1727 1848; x_wconf 78' lang='grc' dir='ltr'>ἑρπετὰ</span> <span class='ocrx_word' id='word_1_137' title='bbox 1752 1752 1806 1821; x_wconf 79' lang='grc' dir='ltr'>καὶ</span> <span class='ocrx_word' id='word_1_138' title='bbox 1830 1754 1943 1846; x_wconf 77' lang='grc' dir='ltr'>ἀνέμου</span> <span class='ocrx_word' id='word_1_139' title='bbox 1979 1769 2015 1816; x_wconf 86' lang='lat' dir='ltr'><strong>to</strong></span> 
     </span>
     <span class='ocr_line' id='line_1_12' title="bbox 342 1870 1942 1973; baseline -0.002 -26"><span class='ocrx_word' id='word_1_140' title='bbox 342 1886 436 1957; x_wconf 84' lang='grc' dir='ltr'>πνοὰς</span> <span class='ocrx_word' id='word_1_141' title='bbox 454 1883 505 1946; x_wconf 81' lang='grc' dir='ltr'><strong>καὶ</strong></span> <span class='ocrx_word' id='word_1_142' title='bbox 523 1894 674 1972; x_wconf 84' lang='grc' dir='ltr'>ποταμῶν</span> <span class='ocrx_word' id='word_1_143' title='bbox 694 1883 776 1971; x_wconf 77' lang='grc' dir='ltr'>ῥοὰς,</span> <span class='ocrx_word' id='word_1_144' title='bbox 793 1870 861 1945; x_wconf 81' lang='grc' dir='ltr'>δέον</span> <span class='ocrx_word' id='word_1_145' title='bbox 880 1870 1036 1963; x_wconf 76' lang='grc' dir='ltr'>ζῳδόων”</span> <span class='ocrx_word' id='word_1_146' title='bbox 1050 1880 1165 1951; x_wconf 83' lang='grc' dir='ltr'>ταύτην</span> <span class='ocrx_word' id='word_1_147' title='bbox 1184 1881 1240 1952; x_wconf 71' lang='grc' dir='ltr'>τὴν</span> <span class='ocrx_word' id='word_1_148' title='bbox 1260 1880 1433 1969; x_wconf 68' lang='grc' dir='ltr'>ἐπιστήμην</span> <span class='ocrx_word' id='word_1_149' title='bbox 1453 1873 1586 1972; x_wconf 83' lang='grc' dir='ltr'>όιιιριόῶς</span> <span class='ocrx_word' id='word_1_150' title='bbox 1605 1873 1942 1973; x_wconf 67' lang='grc' dir='ltr'>μεταχειριζόμενον”,</span> 
     </span>
     <span class='ocr_line' id='line_1_13' title="bbox 346 1996 2058 2099; baseline -0.002 -26"><span class='ocrx_word' id='word_1_151' title='bbox 346 2009 513 2097; x_wconf 82' lang='grc' dir='ltr'>ὀνομασίας</span> <span class='ocrx_word' id='word_1_152' title='bbox 541 2006 623 2099; x_wconf 76' lang='grc' dir='ltr'>λέγω</span> <span class='ocrx_word' id='word_1_153' title='bbox 651 2001 707 2071; x_wconf 83' lang='grc' dir='ltr'><strong>καὶ</strong></span> <span class='ocrx_word' id='word_1_154' title='bbox 732 2000 939 2095; x_wconf 68' lang='grc' dir='ltr'><strong>όνομοὶσειιις30</strong></span> <span class='ocrx_word' id='word_1_155' title='bbox 962 2012 1016 2069; x_wconf 81' lang='grc' dir='ltr'>τοῦ</span> <span class='ocrx_word' id='word_1_156' title='bbox 1044 2009 1179 2096; x_wconf 71' lang='grc' dir='ltr'>μεγάλου</span> <span class='ocrx_word' id='word_1_157' title='bbox 1209 2003 1261 2070; x_wconf 84' lang='grc' dir='ltr'><strong>καὶ</strong></span> <span class='ocrx_word' id='word_1_158' title='bbox 1289 1996 1579 2083; x_wconf 77' lang='grc' dir='ltr'>πανεξοιισιοὶζοντος</span> <span class='ocrx_word' id='word_1_159' title='bbox 1609 2004 1689 2089; x_wconf 85' lang='grc' dir='ltr'>θεοῦ,</span> <span class='ocrx_word' id='word_1_160' title='bbox 1715 1996 1943 2096; x_wconf 50' lang='lat' dir='ltr'><strong>aippto&#39;stnllaa³²</strong></span> <span class='ocrx_word' id='word_1_161' title='bbox 2057 2028 2058 2099; x_wconf 36' lang='grc' dir='ltr'>ᾗ</span> 
     </span>
    </p>
   </div>
   <div class='ocr_carea' id='block_1_5' title="bbox 345 2110 2058 2222">
    <p class='ocr_par' dir='ltr' id='par_1_6' title="bbox 345 2110 2058 2222">
     <span class='ocr_line' id='line_1_14' title="bbox 345 2110 2058 2222; baseline -0.002 -28"><span class='ocrx_word' id='word_1_162' title='bbox 345 2130 478 2198; x_wconf 72' lang='grc' dir='ltr'>ἕκαστον</span> <span class='ocrx_word' id='word_1_163' title='bbox 504 2130 605 2222; x_wconf 88' lang='grc' dir='ltr'>καιρόν</span> <span class='ocrx_word' id='word_1_164' title='bbox 624 2153 659 2195; x_wconf 86' lang='grc' dir='ltr'><strong>τε</strong></span> <span class='ocrx_word' id='word_1_165' title='bbox 677 2126 732 2195; x_wconf 80' lang='grc' dir='ltr'><strong>καὶ</strong></span> <span class='ocrx_word' id='word_1_166' title='bbox 756 2130 862 2221; x_wconf 91' lang='grc' dir='ltr'>χρόνον</span> <span class='ocrx_word' id='word_1_167' title='bbox 885 2128 955 2194; x_wconf 80' lang='grc' dir='ltr'>καθ’</span> <span class='ocrx_word' id='word_1_168' title='bbox 979 2123 1012 2194; x_wconf 83' lang='grc' dir='ltr'><strong>ὃν</strong></span> <span class='ocrx_word' id='word_1_169' title='bbox 1034 2132 1140 2218; x_wconf 76' lang='grc' dir='ltr'>μέλλει</span> <span class='ocrx_word' id='word_1_170' title='bbox 1164 2124 1355 2194; x_wconf 81' lang='grc' dir='ltr'>τὰτοιαῦτα</span> <span class='ocrx_word' id='word_1_171' title='bbox 1379 2126 1590 2194; x_wconf 75' lang='grc' dir='ltr'>ἀποτελιῐν”·</span> <span class='ocrx_word' id='word_1_172' title='bbox 1607 2135 1672 2206; x_wconf 81' lang='grc' dir='ltr'>τοῖς</span> <span class='ocrx_word' id='word_1_173' title='bbox 1690 2126 1749 2222; x_wconf 76' lang='grc' dir='ltr'><strong>γὰρ</strong></span> <span class='ocrx_word' id='word_1_174' title='bbox 1770 2125 1851 2220; x_wconf 72' lang='grc' dir='ltr'>μετὰ</span> <span class='ocrx_word' id='word_1_175' title='bbox 1876 2138 1945 2193; x_wconf 79' lang='grc' dir='ltr'>τῶν</span> <span class='ocrx_word' id='word_1_176' title='bbox 2057 2110 2058 2183; x_wconf 82' lang='lat' dir='ltr'><strong>l</strong></span> 
     </span>
    </p>
   </div>
   <div class='ocr_carea' id='block_1_6' title="bbox 343 2350 2016 2969">
    <p class='ocr_par' dir='ltr' id='par_1_7' title="bbox 343 2350 2016 2863">
     <span class='ocr_line' id='line_1_15' title="bbox 407 2350 1948 2435; baseline -0.001 -19"><span class='ocrx_word' id='word_1_177' title='bbox 407 2357 458 2416; x_wconf 79' lang='lat'><strong>14.</strong></span> <span class='ocrx_word' id='word_1_178' title='bbox 483 2353 551 2422; x_wconf 64' lang='lat'><strong>11⁸0&lt;</strong></span> <span class='ocrx_word' id='word_1_179' title='bbox 570 2352 608 2414; x_wconf 90' lang='grc' dir='ltr'><strong>Β.</strong></span> <span class='ocrx_word' id='word_1_180' title='bbox 628 2389 668 2401; x_wconf 97' lang='grc'>-</span> <span class='ocrx_word' id='word_1_181' title='bbox 692 2358 739 2415; x_wconf 89' lang='grc'><strong>15.</strong></span> <span class='ocrx_word' id='word_1_182' title='bbox 762 2354 936 2432; x_wconf 67' lang='grc' dir='ltr'>θῖμῗρυργηθ.</span> <span class='ocrx_word' id='word_1_183' title='bbox 957 2350 996 2413; x_wconf 86' lang='grc' dir='ltr'><strong>Β.</strong></span> <span class='ocrx_word' id='word_1_184' title='bbox 1016 2387 1056 2397; x_wconf 92' lang='lat'>-</span> <span class='ocrx_word' id='word_1_185' title='bbox 1077 2358 1125 2414; x_wconf 89' lang='grc'><strong>16.</strong></span> <span class='ocrx_word' id='word_1_186' title='bbox 1147 2351 1191 2411; x_wconf 74' lang='lat' dir='ltr'><strong>tn</strong></span> <span class='ocrx_word' id='word_1_187' title='bbox 1209 2356 1224 2412; x_wconf 84' lang='lat' dir='ltr'><strong>t</strong></span> <span class='ocrx_word' id='word_1_188' title='bbox 1244 2375 1292 2428; x_wconf 83' lang='grc' dir='ltr'><strong>μεν</strong></span> <span class='ocrx_word' id='word_1_189' title='bbox 1315 2352 1489 2435; x_wconf 78' lang='grc' dir='ltr'>χαριζόμενος</span> <span class='ocrx_word' id='word_1_190' title='bbox 1510 2351 1548 2413; x_wconf 91' lang='grc' dir='ltr'><strong>Β.</strong></span> <span class='ocrx_word' id='word_1_191' title='bbox 1571 2388 1611 2399; x_wconf 94' lang='grc'><strong>-</strong></span> <span class='ocrx_word' id='word_1_192' title='bbox 1635 2358 1683 2416; x_wconf 88' lang='grc'><strong>17.</strong></span> <span class='ocrx_word' id='word_1_193' title='bbox 1704 2352 1779 2433; x_wconf 80' lang='grc' dir='ltr'>βουλό</span> <span class='ocrx_word' id='word_1_194' title='bbox 1796 2352 1824 2412; x_wconf 79' lang='grc' dir='ltr'>τό</span> <span class='ocrx_word' id='word_1_195' title='bbox 1844 2353 1883 2415; x_wconf 89' lang='grc' dir='ltr'><strong>Β.</strong></span> <span class='ocrx_word' id='word_1_196' title='bbox 1902 2388 1948 2398; x_wconf 89' lang='grc'>-</span> 
     </span>
     <span class='ocr_line' id='line_1_16' title="bbox 347 2457 2016 2542; baseline -0.001 -19"><span class='ocrx_word' id='word_1_197' title='bbox 347 2465 395 2523; x_wconf 88' lang='grc'><strong>18.</strong></span> <span class='ocrx_word' id='word_1_198' title='bbox 416 2459 612 2542; x_wconf 75' lang='grc' dir='ltr'>1πιτιταγ.Β.</span> <span class='ocrx_word' id='word_1_199' title='bbox 636 2495 675 2506; x_wconf 95' lang='grc'>-</span> <span class='ocrx_word' id='word_1_200' title='bbox 694 2465 741 2522; x_wconf 87' lang='grc'><strong>19.</strong></span> <span class='ocrx_word' id='word_1_201' title='bbox 766 2460 905 2538; x_wconf 70' lang='grc' dir='ltr'>πρόσπαια</span> <span class='ocrx_word' id='word_1_202' title='bbox 926 2458 963 2521; x_wconf 88' lang='grc' dir='ltr'><strong>Β.</strong></span> <span class='ocrx_word' id='word_1_203' title='bbox 986 2493 1026 2505; x_wconf 87' lang='lat'><strong>-</strong></span> <span class='ocrx_word' id='word_1_204' title='bbox 1044 2463 1094 2521; x_wconf 88' lang='lat'><strong>20.</strong></span> <span class='ocrx_word' id='word_1_205' title='bbox 1116 2478 1179 2519; x_wconf 88' lang='lat' dir='ltr'><strong>om.</strong></span> <span class='ocrx_word' id='word_1_206' title='bbox 1200 2457 1239 2520; x_wconf 89' lang='lat' dir='ltr'><strong>B.</strong></span> <span class='ocrx_word' id='word_1_207' title='bbox 1262 2494 1302 2504; x_wconf 94' lang='lat'>—</span> <span class='ocrx_word' id='word_1_208' title='bbox 1316 2463 1366 2521; x_wconf 89' lang='lat'><strong>21.</strong></span> <span class='ocrx_word' id='word_1_209' title='bbox 1386 2458 1515 2541; x_wconf 70' lang='grc' dir='ltr'>πονηρίας</span> <span class='ocrx_word' id='word_1_210' title='bbox 1529 2458 1567 2521; x_wconf 90' lang='grc' dir='ltr'><strong>Β.</strong></span> <span class='ocrx_word' id='word_1_211' title='bbox 1589 2495 1629 2505; x_wconf 94' lang='grc'>-</span> <span class='ocrx_word' id='word_1_212' title='bbox 1647 2462 1697 2520; x_wconf 89' lang='grc'><strong>22.</strong></span> <span class='ocrx_word' id='word_1_213' title='bbox 1716 2459 1830 2537; x_wconf 79' lang='grc' dir='ltr'>θμηλίαε</span> <span class='ocrx_word' id='word_1_214' title='bbox 1843 2458 1882 2521; x_wconf 89' lang='grc' dir='ltr'><strong>Β.</strong></span> <span class='ocrx_word' id='word_1_215' title='bbox 1903 2496 1947 2505; x_wconf 93' lang='lat'><strong>--</strong></span> <span class='ocrx_word' id='word_1_216' title='bbox 1979 2480 2016 2528; x_wconf 81' lang='lat'><strong>15</strong></span> 
     </span>
     <span class='ocr_line' id='line_1_17' title="bbox 343 2563 1949 2649; baseline -0.002 -20"><span class='ocrx_word' id='word_1_217' title='bbox 343 2571 394 2630; x_wconf 84' lang='lat'><strong>23.</strong></span> <span class='ocrx_word' id='word_1_218' title='bbox 411 2567 496 2649; x_wconf 69' lang='grc' dir='ltr'>θριλει</span> <span class='ocrx_word' id='word_1_219' title='bbox 511 2565 549 2628; x_wconf 90' lang='grc' dir='ltr'><strong>Β.</strong></span> <span class='ocrx_word' id='word_1_220' title='bbox 569 2601 608 2612; x_wconf 95' lang='grc'>-</span> <span class='ocrx_word' id='word_1_221' title='bbox 623 2569 672 2627; x_wconf 77' lang='grc'><strong>24.</strong></span> <span class='ocrx_word' id='word_1_222' title='bbox 691 2564 812 2645; x_wconf 78' lang='grc' dir='ltr'>θπηρότη</span> <span class='ocrx_word' id='word_1_223' title='bbox 826 2568 971 2647; x_wconf 83' lang='grc' dir='ltr'>διχρῆαθαι</span> <span class='ocrx_word' id='word_1_224' title='bbox 990 2563 1027 2625; x_wconf 92' lang='grc' dir='ltr'><strong>Β.</strong></span> <span class='ocrx_word' id='word_1_225' title='bbox 1050 2602 1089 2610; x_wconf 95' lang='grc'>-</span> <span class='ocrx_word' id='word_1_226' title='bbox 1110 2570 1159 2628; x_wconf 89' lang='grc'><strong>25.</strong></span> <span class='ocrx_word' id='word_1_227' title='bbox 1181 2569 1297 2638; x_wconf 78' lang='grc' dir='ltr'>τηαῦτας</span> <span class='ocrx_word' id='word_1_228' title='bbox 1314 2564 1352 2626; x_wconf 92' lang='grc' dir='ltr'><strong>Β.</strong></span> <span class='ocrx_word' id='word_1_229' title='bbox 1372 2601 1412 2612; x_wconf 91' lang='lat'>-</span> <span class='ocrx_word' id='word_1_230' title='bbox 1427 2570 1467 2628; x_wconf 87' lang='grc'><strong>26</strong></span> <span class='ocrx_word' id='word_1_231' title='bbox 1486 2564 1563 2646; x_wconf 85' lang='grc' dir='ltr'>τόχιι</span> <span class='ocrx_word' id='word_1_232' title='bbox 1579 2565 1617 2627; x_wconf 89' lang='grc' dir='ltr'><strong>Β.</strong></span> <span class='ocrx_word' id='word_1_233' title='bbox 1638 2600 1679 2613; x_wconf 93' lang='lat'><em>-</em></span> <span class='ocrx_word' id='word_1_234' title='bbox 1692 2570 1741 2628; x_wconf 87' lang='lat'><strong>27.</strong></span> <span class='ocrx_word' id='word_1_235' title='bbox 1761 2568 1789 2625; x_wconf 79' lang='lat' dir='ltr'><strong>is</strong></span> <span class='ocrx_word' id='word_1_236' title='bbox 1808 2567 1821 2626; x_wconf 80' lang='lat' dir='ltr'><strong>t</strong></span> <span class='ocrx_word' id='word_1_237' title='bbox 1837 2566 1949 2644; x_wconf 76' lang='grc' dir='ltr'>ἡμήνός</span> 
     </span>
     <span class='ocr_line' id='line_1_18' title="bbox 346 2669 1947 2756; baseline -0.001 -20"><span class='ocrx_word' id='word_1_238' title='bbox 346 2673 416 2756; x_wconf 78' lang='lat' dir='ltr'><strong>(sic)</strong></span> <span class='ocrx_word' id='word_1_239' title='bbox 433 2672 470 2734; x_wconf 89' lang='lat' dir='ltr'><strong>B.</strong></span> <span class='ocrx_word' id='word_1_240' title='bbox 487 2710 527 2719; x_wconf 93' lang='lat'>—</span> <span class='ocrx_word' id='word_1_241' title='bbox 540 2676 591 2735; x_wconf 88' lang='lat'><strong>28.</strong></span> <span class='ocrx_word' id='word_1_242' title='bbox 610 2675 713 2746; x_wconf 80' lang='grc' dir='ltr'>πληῖσα</span> <span class='ocrx_word' id='word_1_243' title='bbox 729 2671 767 2734; x_wconf 89' lang='grc' dir='ltr'><strong>Β.</strong></span> <span class='ocrx_word' id='word_1_244' title='bbox 789 2709 830 2718; x_wconf 91' lang='grc'>-</span> <span class='ocrx_word' id='word_1_245' title='bbox 846 2675 896 2735; x_wconf 82' lang='grc'><strong>29.</strong></span> <span class='ocrx_word' id='word_1_246' title='bbox 912 2671 1159 2754; x_wconf 73' lang='grc' dir='ltr'>θατοστρομόῆαθαι</span> <span class='ocrx_word' id='word_1_247' title='bbox 1174 2669 1212 2732; x_wconf 91' lang='grc' dir='ltr'><strong>Β.</strong></span> <span class='ocrx_word' id='word_1_248' title='bbox 1236 2707 1275 2717; x_wconf 92' lang='grc'>-</span> <span class='ocrx_word' id='word_1_249' title='bbox 1288 2676 1339 2734; x_wconf 87' lang='grc'><strong>30.</strong></span> <span class='ocrx_word' id='word_1_250' title='bbox 1362 2671 1472 2753; x_wconf 74' lang='grc' dir='ltr'>όαριόός</span> <span class='ocrx_word' id='word_1_251' title='bbox 1495 2670 1532 2733; x_wconf 85' lang='grc' dir='ltr'><strong>Β.</strong></span> <span class='ocrx_word' id='word_1_252' title='bbox 1548 2709 1588 2718; x_wconf 90' lang='grc'><strong>-</strong></span> <span class='ocrx_word' id='word_1_253' title='bbox 1602 2677 1652 2735; x_wconf 88' lang='grc'><strong>31.</strong></span> <span class='ocrx_word' id='word_1_254' title='bbox 1668 2671 1738 2753; x_wconf 67' lang='grc' dir='ltr'>παρὰ</span> <span class='ocrx_word' id='word_1_255' title='bbox 1759 2673 1821 2754; x_wconf 70' lang='lat' dir='ltr'><strong>pul.</strong></span> <span class='ocrx_word' id='word_1_256' title='bbox 1845 2672 1884 2735; x_wconf 93' lang='grc' dir='ltr'><strong>Β.</strong></span> <span class='ocrx_word' id='word_1_257' title='bbox 1905 2709 1947 2718; x_wconf 93' lang='grc'><strong>-</strong></span> 
     </span>
     <span class='ocr_line' id='line_1_19' title="bbox 345 2769 1946 2863; baseline -0.001 -19"><span class='ocrx_word' id='word_1_258' title='bbox 345 2785 396 2844; x_wconf 94' lang='grc'><strong>32.</strong></span> <span class='ocrx_word' id='word_1_259' title='bbox 410 2785 525 2863; x_wconf 76' lang='grc' dir='ltr'>θρχασοῦ</span> <span class='ocrx_word' id='word_1_260' title='bbox 542 2779 579 2841; x_wconf 95' lang='grc' dir='ltr'><strong>Β.</strong></span> <span class='ocrx_word' id='word_1_261' title='bbox 598 2816 638 2825; x_wconf 91' lang='grc'>-</span> <span class='ocrx_word' id='word_1_262' title='bbox 649 2784 700 2842; x_wconf 67' lang='lat' dir='ltr'><strong>ss.</strong></span> <span class='ocrx_word' id='word_1_263' title='bbox 714 2784 815 2848; x_wconf 74' lang='grc' dir='ltr'>πάντας</span> <span class='ocrx_word' id='word_1_264' title='bbox 830 2778 866 2841; x_wconf 91' lang='grc' dir='ltr'><strong>Β.</strong></span> <span class='ocrx_word' id='word_1_265' title='bbox 885 2814 924 2824; x_wconf 90' lang='grc'>-</span> <span class='ocrx_word' id='word_1_266' title='bbox 938 2783 988 2841; x_wconf 72' lang='lat'><strong>34.</strong></span> <span class='ocrx_word' id='word_1_267' title='bbox 1008 2782 1059 2849; x_wconf 75' lang='grc' dir='ltr'><strong>ζῶν</strong></span> <span class='ocrx_word' id='word_1_268' title='bbox 1078 2769 1115 2838; x_wconf 69' lang='grc' dir='ltr'><strong>ὧν</strong></span> <span class='ocrx_word' id='word_1_269' title='bbox 1137 2777 1175 2840; x_wconf 90' lang='grc' dir='ltr'><strong>Β.</strong></span> <span class='ocrx_word' id='word_1_270' title='bbox 1192 2812 1232 2827; x_wconf 92' lang='grc'><strong>-</strong></span> <span class='ocrx_word' id='word_1_271' title='bbox 1245 2783 1295 2841; x_wconf 88' lang='grc'><strong>35.</strong></span> <span class='ocrx_word' id='word_1_272' title='bbox 1315 2779 1557 2861; x_wconf 82' lang='grc' dir='ltr'>μεταχειριζόμενον</span> <span class='ocrx_word' id='word_1_273' title='bbox 1572 2778 1610 2842; x_wconf 89' lang='grc' dir='ltr'><strong>Β.</strong></span> <span class='ocrx_word' id='word_1_274' title='bbox 1631 2815 1671 2825; x_wconf 94' lang='grc'>-</span> <span class='ocrx_word' id='word_1_275' title='bbox 1684 2783 1734 2843; x_wconf 90' lang='grc'><strong>36.</strong></span> <span class='ocrx_word' id='word_1_276' title='bbox 1748 2778 1891 2858; x_wconf 78' lang='grc' dir='ltr'>θναμόαιας</span> <span class='ocrx_word' id='word_1_277' title='bbox 1905 2779 1946 2843; x_wconf 90' lang='grc' dir='ltr'><strong>Β.</strong></span> 
     </span>
    </p>

    <p class='ocr_par' dir='ltr' id='par_1_8' title="bbox 346 2884 1190 2969">
     <span class='ocr_line' id='line_1_20' title="bbox 346 2884 1190 2969; baseline -0.006 -18"><span class='ocrx_word' id='word_1_278' title='bbox 346 2893 397 2951; x_wconf 90' lang='grc'><strong>37.</strong></span> <span class='ocrx_word' id='word_1_279' title='bbox 412 2886 591 2969; x_wconf 73' lang='grc' dir='ltr'>ἅρμοζιθαθαι</span> <span class='ocrx_word' id='word_1_280' title='bbox 605 2884 643 2949; x_wconf 89' lang='grc' dir='ltr'><strong>Β.</strong></span> <span class='ocrx_word' id='word_1_281' title='bbox 661 2919 703 2934; x_wconf 92' lang='grc'><strong>-</strong></span> <span class='ocrx_word' id='word_1_282' title='bbox 717 2889 766 2949; x_wconf 87' lang='grc'><strong>38.</strong></span> <span class='ocrx_word' id='word_1_283' title='bbox 783 2887 870 2955; x_wconf 78' lang='grc' dir='ltr'>καθὼς</span> <span class='ocrx_word' id='word_1_284' title='bbox 884 2911 915 2964; x_wconf 89' lang='grc' dir='ltr'><strong>μ.</strong></span> <span class='ocrx_word' id='word_1_285' title='bbox 931 2909 959 2947; x_wconf 86' lang='grc' dir='ltr'><strong>τ.</strong></span> <span class='ocrx_word' id='word_1_286' title='bbox 974 2909 1000 2949; x_wconf 90' lang='grc' dir='ltr'><strong>τ.</strong></span> <span class='ocrx_word' id='word_1_287' title='bbox 1019 2884 1130 2947; x_wconf 81' lang='grc' dir='ltr'>θπόττλ.</span> <span class='ocrx_word' id='word_1_288' title='bbox 1152 2884 1190 2946; x_wconf 90' lang='grc' dir='ltr'><strong>Β.</strong></span> 
     </span>
    </p>
   </div>
   <div class='ocr_carea' id='block_1_7' title="bbox 193 3337 2020 5053">
    <p class='ocr_par' dir='ltr' id='par_1_9' title="bbox 235 3337 1951 3812">
     <span class='ocr_line' id='line_1_21' title="bbox 348 3337 1950 3440; baseline 0.001 -28"><span class='ocrx_word' id='word_1_289' title='bbox 348 3339 411 3440; x_wconf 94' lang='lat' dir='ltr'><strong>qui</strong></span> <span class='ocrx_word' id='word_1_290' title='bbox 432 3338 631 3438; x_wconf 80' lang='lat' dir='ltr'>pretiosior</span> <span class='ocrx_word' id='word_1_291' title='bbox 650 3351 706 3411; x_wconf 89' lang='lat' dir='ltr'><strong>est</strong></span> <span class='ocrx_word' id='word_1_292' title='bbox 726 3338 910 3423; x_wconf 89' lang='lat' dir='ltr'><strong>omnibns,</strong></span> <span class='ocrx_word' id='word_1_293' title='bbox 930 3337 968 3410; x_wconf 93' lang='lat' dir='ltr'><strong>in</strong></span> <span class='ocrx_word' id='word_1_294' title='bbox 992 3362 1064 3436; x_wconf 91' lang='lat' dir='ltr'><strong>qno</strong></span> <span class='ocrx_word' id='word_1_295' title='bbox 1085 3350 1171 3410; x_wconf 90' lang='lat' dir='ltr'><strong>sunt</strong></span> <span class='ocrx_word' id='word_1_296' title='bbox 1195 3337 1305 3437; x_wconf 80' lang='lat' dir='ltr'><strong>signa</strong></span> <span class='ocrx_word' id='word_1_297' title='bbox 1326 3363 1461 3437; x_wconf 84' lang='lat' dir='ltr'><strong>magna</strong></span> <span class='ocrx_word' id='word_1_298' title='bbox 1484 3350 1522 3412; x_wconf 92' lang='lat' dir='ltr'><strong>et</strong></span> <span class='ocrx_word' id='word_1_299' title='bbox 1545 3337 1740 3425; x_wconf 88' lang='lat' dir='ltr'><strong>horrenda,</strong></span> <span class='ocrx_word' id='word_1_300' title='bbox 1759 3339 1950 3437; x_wconf 85' lang='lat' dir='ltr'><strong>potentiae</strong></span> 
     </span>
     <span class='ocr_line' id='line_1_22' title="bbox 351 3461 1951 3564; baseline 0.003 -29"><span class='ocrx_word' id='word_1_301' title='bbox 351 3464 522 3564; x_wconf 83' lang='lat' dir='ltr'><strong>prodigia</strong></span> <span class='ocrx_word' id='word_1_302' title='bbox 550 3476 587 3538; x_wconf 87' lang='lat' dir='ltr'><strong>et</strong></span> <span class='ocrx_word' id='word_1_303' title='bbox 617 3462 813 3562; x_wconf 87' lang='lat' dir='ltr'><strong>mysteria,</strong></span> <span class='ocrx_word' id='word_1_304' title='bbox 840 3462 975 3535; x_wconf 88' lang='lat' dir='ltr'><strong>librum</strong></span> <span class='ocrx_word' id='word_1_305' title='bbox 1008 3461 1150 3536; x_wconf 88' lang='lat' dir='ltr'><strong>scilicet</strong></span> <span class='ocrx_word' id='word_1_306' title='bbox 1180 3462 1226 3535; x_wconf 91' lang='lat' dir='ltr'><strong>de</strong></span> <span class='ocrx_word' id='word_1_307' title='bbox 1260 3461 1508 3537; x_wconf 80' lang='lat' dir='ltr'><strong>incantatione</strong></span> <span class='ocrx_word' id='word_1_308' title='bbox 1539 3476 1789 3538; x_wconf 86' lang='lat' dir='ltr'><strong>creaturarum</strong></span> <span class='ocrx_word' id='word_1_309' title='bbox 1819 3489 1842 3537; x_wconf 89' lang='lat' dir='ltr'><strong>a</strong></span> <span class='ocrx_word' id='word_1_310' title='bbox 1868 3468 1951 3539; x_wconf 88' lang='lat' dir='ltr'><strong>Deo</strong></span> 
     </span>
     <span class='ocr_line' id='line_1_23' title="bbox 351 3586 1950 3687; baseline 0.001 -26"><span class='ocrx_word' id='word_1_311' title='bbox 351 3599 557 3662; x_wconf 87' lang='lat' dir='ltr'><strong>creatarum</strong></span> <span class='ocrx_word' id='word_1_312' title='bbox 576 3600 612 3661; x_wconf 91' lang='lat' dir='ltr'><strong>et</strong></span> <span class='ocrx_word' id='word_1_313' title='bbox 635 3598 829 3660; x_wconf 89' lang='lat' dir='ltr'><strong>motarum.</strong></span> <span class='ocrx_word' id='word_1_314' title='bbox 849 3586 1002 3685; x_wconf 89' lang='lat' dir='ltr'><strong>Siquis,</strong></span> <span class='ocrx_word' id='word_1_315' title='bbox 1025 3586 1122 3660; x_wconf 90' lang='lat' dir='ltr'><strong>hunc</strong></span> <span class='ocrx_word' id='word_1_316' title='bbox 1144 3586 1279 3660; x_wconf 87' lang='lat' dir='ltr'><strong>librum</strong></span> <span class='ocrx_word' id='word_1_317' title='bbox 1299 3587 1537 3687; x_wconf 82' lang='lat' dir='ltr'><strong>aggrediens,</strong></span> <span class='ocrx_word' id='word_1_318' title='bbox 1554 3588 1646 3662; x_wconf 88' lang='lat' dir='ltr'><strong>velit</strong></span> <span class='ocrx_word' id='word_1_319' title='bbox 1665 3613 1749 3662; x_wconf 90' lang='lat' dir='ltr'><strong>cum</strong></span> <span class='ocrx_word' id='word_1_320' title='bbox 1771 3613 1950 3662; x_wconf 88' lang='lat' dir='ltr'><strong>successu</strong></span> 
     </span>
     <span class='ocr_line' id='line_1_24' title="bbox 235 3710 1950 3812; baseline -0.002 -23"><span class='ocrx_word' id='word_1_321' title='bbox 235 3741 247 3770; x_wconf 67' lang='grc' dir='ltr'>ι</span> <span class='ocrx_word' id='word_1_322' title='bbox 261 3739 283 3789; x_wconf 84' lang='lat' dir='ltr'><strong>s</strong></span> <span class='ocrx_word' id='word_1_323' title='bbox 352 3725 389 3787; x_wconf 90' lang='lat' dir='ltr'><strong>et</strong></span> <span class='ocrx_word' id='word_1_324' title='bbox 407 3711 571 3786; x_wconf 84' lang='lat' dir='ltr'><strong>sollertia</strong></span> <span class='ocrx_word' id='word_1_325' title='bbox 585 3710 675 3785; x_wconf 88' lang='lat' dir='ltr'><strong>talia</strong></span> <span class='ocrx_word' id='word_1_326' title='bbox 689 3711 835 3810; x_wconf 88' lang='lat' dir='ltr'><strong>operari</strong></span> <span class='ocrx_word' id='word_1_327' title='bbox 850 3710 1055 3810; x_wconf 70' lang='lat' dir='ltr'><strong>prodigia*</strong></span> <span class='ocrx_word' id='word_1_328' title='bbox 1069 3710 1255 3784; x_wconf 87' lang='lat' dir='ltr'><strong>abstinere</strong></span> <span class='ocrx_word' id='word_1_329' title='bbox 1268 3710 1378 3785; x_wconf 82' lang='lat' dir='ltr'><strong>debat</strong></span> <span class='ocrx_word' id='word_1_330' title='bbox 1391 3711 1437 3784; x_wconf 85' lang='lat' dir='ltr'><strong>ab</strong></span> <span class='ocrx_word' id='word_1_331' title='bbox 1449 3712 1547 3785; x_wconf 92' lang='lat' dir='ltr'><strong>omni</strong></span> <span class='ocrx_word' id='word_1_332' title='bbox 1561 3712 1705 3786; x_wconf 88' lang='lat' dir='ltr'><strong>actione</strong></span> <span class='ocrx_word' id='word_1_333' title='bbox 1717 3711 1827 3798; x_wconf 87' lang='lat' dir='ltr'><strong>mala,</strong></span> <span class='ocrx_word' id='word_1_334' title='bbox 1840 3738 1950 3812; x_wconf 90' lang='lat' dir='ltr'><strong>prae-</strong></span> 
     </span>
    </p>

    <p class='ocr_par' dir='ltr' id='par_1_10' title="bbox 193 3811 2020 5053">
     <span class='ocr_line' id='line_1_25' title="bbox 193 3811 2020 3935; baseline 0.002 -24"><span class='ocrx_word' id='word_1_335' title='bbox 193 3811 239 3863; x_wconf 69' lang='lat'><strong>‘⁰¹‘</strong></span> <span class='ocrx_word' id='word_1_336' title='bbox 255 3814 286 3860; x_wconf 74' lang='lat'><strong>³⁶</strong></span> <span class='ocrx_word' id='word_1_337' title='bbox 301 3812 337 3858; x_wconf 77' lang='lat' dir='ltr'><strong>r.</strong></span> <span class='ocrx_word' id='word_1_338' title='bbox 355 3836 483 3911; x_wconf 89' lang='lat' dir='ltr'><strong>sertim</strong></span> <span class='ocrx_word' id='word_1_339' title='bbox 511 3835 830 3909; x_wconf 82' lang='lat' dir='ltr'><strong>aconversatione</strong></span> <span class='ocrx_word' id='word_1_340' title='bbox 850 3847 887 3908; x_wconf 89' lang='lat' dir='ltr'><strong>at</strong></span> <span class='ocrx_word' id='word_1_341' title='bbox 908 3835 1175 3909; x_wconf 88' lang='lat' dir='ltr'><strong>consuetudine</strong></span> <span class='ocrx_word' id='word_1_342' title='bbox 1200 3834 1393 3908; x_wconf 85' lang='lat' dir='ltr'>mulierum</span> <span class='ocrx_word' id='word_1_343' title='bbox 1406 3840 1431 3906; x_wconf 79' lang='lat'><strong>¹.</strong></span> <span class='ocrx_word' id='word_1_344' title='bbox 1457 3839 1582 3934; x_wconf 81' lang='lat' dir='ltr'><strong>Neque</strong></span> <span class='ocrx_word' id='word_1_345' title='bbox 1604 3836 1753 3935; x_wconf 85' lang='lat' dir='ltr'><strong>expedit</strong></span> <span class='ocrx_word' id='word_1_346' title='bbox 1773 3836 1951 3911; x_wconf 77' lang='lat' dir='ltr'><strong>famulatu</strong></span> <span class='ocrx_word' id='word_1_347' title='bbox 2002 3867 2020 3915; x_wconf 79' lang='lat'>5</span> 
     </span>
     <span class='ocr_line' id='line_1_26' title="bbox 353 3958 1953 4059; baseline 0.001 -24"><span class='ocrx_word' id='word_1_348' title='bbox 353 3960 550 4035; x_wconf 81' lang='lat' dir='ltr'><strong>mulierum</strong></span> <span class='ocrx_word' id='word_1_349' title='bbox 568 3960 621 4032; x_wconf 89' lang='lat' dir='ltr'><strong>nti</strong></span> <span class='ocrx_word' id='word_1_350' title='bbox 642 3958 690 4032; x_wconf 86' lang='lat' dir='ltr'><strong>ad</strong></span> <span class='ocrx_word' id='word_1_351' title='bbox 708 3958 797 4033; x_wconf 87' lang='lat' dir='ltr'><strong>talia</strong></span> <span class='ocrx_word' id='word_1_352' title='bbox 815 3959 1030 4058; x_wconf 81' lang='lat' dir='ltr'><strong>praestigia,</strong></span> <span class='ocrx_word' id='word_1_353' title='bbox 1049 3985 1132 4032; x_wconf 90' lang='lat' dir='ltr'><strong>cum</strong></span> <span class='ocrx_word' id='word_1_354' title='bbox 1152 3960 1267 4032; x_wconf 86' lang='lat' dir='ltr'><strong>multa</strong></span> <span class='ocrx_word' id='word_1_355' title='bbox 1290 3959 1579 4033; x_wconf 86' lang='lat' dir='ltr'><strong>extraordinaria</strong></span> <span class='ocrx_word' id='word_1_356' title='bbox 1598 3960 1790 4059; x_wconf 86' lang='lat' dir='ltr'><strong>provenire</strong></span> <span class='ocrx_word' id='word_1_357' title='bbox 1807 3960 1953 4036; x_wconf 80' lang='lat' dir='ltr'><strong>soleant</strong></span> 
     </span>
     <span class='ocr_line' id='line_1_27' title="bbox 356 4082 1952 4184; baseline -0.001 -25"><span class='ocrx_word' id='word_1_358' title='bbox 356 4086 402 4159; x_wconf 91' lang='lat' dir='ltr'><strong>ah</strong></span> <span class='ocrx_word' id='word_1_359' title='bbox 419 4085 484 4157; x_wconf 88' lang='lat' dir='ltr'><strong>eis.</strong></span> <span class='ocrx_word' id='word_1_360' title='bbox 503 4087 595 4157; x_wconf 87' lang='lat' dir='ltr'><strong>Nam</strong></span> <span class='ocrx_word' id='word_1_361' title='bbox 612 4084 645 4157; x_wconf 91' lang='lat' dir='ltr'><strong>si</strong></span> <span class='ocrx_word' id='word_1_362' title='bbox 662 4083 845 4182; x_wconf 83' lang='lat' dir='ltr'><strong>contingit</strong></span> <span class='ocrx_word' id='word_1_363' title='bbox 861 4082 941 4156; x_wconf 87' lang='lat' dir='ltr'><strong>illas</strong></span> <span class='ocrx_word' id='word_1_364' title='bbox 961 4083 999 4155; x_wconf 92' lang='lat' dir='ltr'><strong>in</strong></span> <span class='ocrx_word' id='word_1_365' title='bbox 1021 4084 1100 4156; x_wconf 85' lang='lat' dir='ltr'><strong>suis</strong></span> <span class='ocrx_word' id='word_1_366' title='bbox 1119 4082 1319 4157; x_wconf 82' lang='lat' dir='ltr'><strong>menstruis</strong></span> <span class='ocrx_word' id='word_1_367' title='bbox 1339 4106 1435 4169; x_wconf 88' lang='lat' dir='ltr'><strong>esse,</strong></span> <span class='ocrx_word' id='word_1_368' title='bbox 1453 4085 1604 4158; x_wconf 89' lang='lat' dir='ltr'><strong>arbores</strong></span> <span class='ocrx_word' id='word_1_369' title='bbox 1623 4084 1671 4158; x_wconf 89' lang='lat' dir='ltr'><strong>ad</strong></span> <span class='ocrx_word' id='word_1_370' title='bbox 1689 4110 1781 4183; x_wconf 87' lang='lat' dir='ltr'><strong>quas</strong></span> <span class='ocrx_word' id='word_1_371' title='bbox 1797 4085 1952 4184; x_wconf 89' lang='lat' dir='ltr'><strong>propin-</strong></span> 
     </span>
     <span class='ocr_line' id='line_1_28' title="bbox 356 4207 1954 4310; baseline 0 -27"><span class='ocrx_word' id='word_1_372' title='bbox 356 4222 474 4309; x_wconf 82' lang='lat' dir='ltr'><strong>quent</strong></span> <span class='ocrx_word' id='word_1_373' title='bbox 493 4208 617 4282; x_wconf 86' lang='lat' dir='ltr'><strong>aridae</strong></span> <span class='ocrx_word' id='word_1_374' title='bbox 635 4207 764 4293; x_wconf 83' lang='lat' dir='ltr'><strong>fiunt²,</strong></span> <span class='ocrx_word' id='word_1_375' title='bbox 786 4219 823 4280; x_wconf 88' lang='lat' dir='ltr'><strong>et</strong></span> <span class='ocrx_word' id='word_1_376' title='bbox 843 4231 1018 4304; x_wconf 78' lang='lat' dir='ltr'><strong>aquenum</strong></span> <span class='ocrx_word' id='word_1_377' title='bbox 1037 4207 1073 4279; x_wconf 93' lang='lat' dir='ltr'><strong>vi</strong></span> <span class='ocrx_word' id='word_1_378' title='bbox 1092 4218 1130 4280; x_wconf 91' lang='lat' dir='ltr'><strong>et</strong></span> <span class='ocrx_word' id='word_1_379' title='bbox 1147 4221 1340 4280; x_wconf 89' lang='lat' dir='ltr'><strong>ventorum</strong></span> <span class='ocrx_word' id='word_1_380' title='bbox 1359 4207 1530 4306; x_wconf 86' lang='lat' dir='ltr'><strong>procellis</strong></span> <span class='ocrx_word' id='word_1_381' title='bbox 1550 4209 1782 4283; x_wconf 85' lang='lat' dir='ltr'><strong>eradicantur</strong></span> <span class='ocrx_word' id='word_1_382' title='bbox 1808 4221 1846 4283; x_wconf 91' lang='lat' dir='ltr'><strong>et</strong></span> <span class='ocrx_word' id='word_1_383' title='bbox 1863 4237 1954 4310; x_wconf 88' lang='lat' dir='ltr'><strong>pro·</strong></span> 
     </span>
     <span class='ocr_line' id='line_1_29' title="bbox 357 4331 1954 4433; baseline 0.001 -25"><span class='ocrx_word' id='word_1_384' title='bbox 357 4344 584 4408; x_wconf 89' lang='lat' dir='ltr'><strong>stemnntur.</strong></span> <span class='ocrx_word' id='word_1_385' title='bbox 608 4333 764 4430; x_wconf 76' lang='lat' dir='ltr'><strong>Oportet</strong></span> <span class='ocrx_word' id='word_1_386' title='bbox 788 4354 892 4430; x_wconf 82' lang='lat' dir='ltr'><strong>ergo,</strong></span> <span class='ocrx_word' id='word_1_387' title='bbox 914 4344 955 4403; x_wconf 92' lang='lat' dir='ltr'><strong>ut</strong></span> <span class='ocrx_word' id='word_1_388' title='bbox 979 4331 1116 4404; x_wconf 89' lang='lat' dir='ltr'><strong>dictum</strong></span> <span class='ocrx_word' id='word_1_389' title='bbox 1140 4341 1211 4416; x_wconf 88' lang='lat' dir='ltr'><strong>est,</strong></span> <span class='ocrx_word' id='word_1_390' title='bbox 1236 4343 1375 4406; x_wconf 86' lang='lat' dir='ltr'><strong>attente</strong></span> <span class='ocrx_word' id='word_1_391' title='bbox 1397 4332 1488 4405; x_wconf 87' lang='lat' dir='ltr'><strong>talia</strong></span> <span class='ocrx_word' id='word_1_392' title='bbox 1512 4358 1749 4432; x_wconf 86' lang='lat' dir='ltr'><strong>praecavera;</strong></span> <span class='ocrx_word' id='word_1_393' title='bbox 1772 4334 1849 4409; x_wconf 86' lang='lat' dir='ltr'><strong>sive</strong></span> <span class='ocrx_word' id='word_1_394' title='bbox 1869 4336 1954 4433; x_wconf 86' lang='lat' dir='ltr'><strong>quis</strong></span> 
     </span>
     <span class='ocr_line' id='line_1_30' title="bbox 356 4453 2018 4557; baseline 0 -26"><span class='ocrx_word' id='word_1_395' title='bbox 356 4458 446 4532; x_wconf 85' lang='lat' dir='ltr'><strong>velit</strong></span> <span class='ocrx_word' id='word_1_396' title='bbox 467 4456 536 4530; x_wconf 90' lang='lat' dir='ltr'><strong>sub</strong></span> <span class='ocrx_word' id='word_1_397' title='bbox 556 4457 650 4555; x_wconf 79' lang='lat' dir='ltr'><strong>jugo</strong></span> <span class='ocrx_word' id='word_1_398' title='bbox 672 4454 918 4542; x_wconf 73' lang='lat' dir='ltr'><strong>necessitatis,</strong></span> <span class='ocrx_word' id='word_1_399' title='bbox 940 4467 981 4526; x_wconf 92' lang='lat' dir='ltr'><strong>ut</strong></span> <span class='ocrx_word' id='word_1_400' title='bbox 1003 4453 1054 4528; x_wconf 87' lang='lat' dir='ltr'><strong>ita</strong></span> <span class='ocrx_word' id='word_1_401' title='bbox 1072 4453 1205 4541; x_wconf 90' lang='lat' dir='ltr'><strong>dicam,</strong></span> <span class='ocrx_word' id='word_1_402' title='bbox 1223 4455 1347 4528; x_wconf 89' lang='lat' dir='ltr'><strong>omnia</strong></span> <span class='ocrx_word' id='word_1_403' title='bbox 1365 4481 1459 4554; x_wconf 90' lang='lat' dir='ltr'><strong>quae</strong></span> <span class='ocrx_word' id='word_1_404' title='bbox 1479 4470 1565 4530; x_wconf 88' lang='lat' dir='ltr'><strong>sunt</strong></span> <span class='ocrx_word' id='word_1_405' title='bbox 1591 4458 1629 4530; x_wconf 92' lang='lat' dir='ltr'><strong>in</strong></span> <span class='ocrx_word' id='word_1_406' title='bbox 1653 4472 1750 4532; x_wconf 85' lang='lat' dir='ltr'><strong>terra</strong></span> <span class='ocrx_word' id='word_1_407' title='bbox 1771 4458 1954 4557; x_wconf 84' lang='lat' dir='ltr'><strong>plasmare</strong></span> <span class='ocrx_word' id='word_1_408' title='bbox 1986 4486 2018 4534; x_wconf 86' lang='grc' dir='ltr'><strong>ιιι</strong></span> 
     </span>
     <span class='ocr_line' id='line_1_31' title="bbox 357 4578 1954 4678; baseline 0.002 -23"><span class='ocrx_word' id='word_1_409' title='bbox 357 4581 568 4655; x_wconf 89' lang='lat' dir='ltr'><strong>-solvens</strong></span> <span class='ocrx_word' id='word_1_410' title='bbox 585 4579 727 4654; x_wconf 88' lang='lat' dir='ltr'><strong>scilicet</strong></span> <span class='ocrx_word' id='word_1_411' title='bbox 746 4578 896 4652; x_wconf 85' lang='lat' dir='ltr'><strong>arbores</strong></span> <span class='ocrx_word' id='word_1_412' title='bbox 921 4592 958 4653; x_wconf 92' lang='lat' dir='ltr'><strong>et</strong></span> <span class='ocrx_word' id='word_1_413' title='bbox 981 4604 1067 4652; x_wconf 86' lang='lat' dir='ltr'><strong>aves</strong></span> <span class='ocrx_word' id='word_1_414' title='bbox 1089 4593 1125 4653; x_wconf 89' lang='lat' dir='ltr'><strong>et</strong></span> <span class='ocrx_word' id='word_1_415' title='bbox 1149 4579 1322 4652; x_wconf 88' lang='lat' dir='ltr'><strong>animalia</strong></span> <span class='ocrx_word' id='word_1_416' title='bbox 1345 4592 1382 4654; x_wconf 91' lang='lat' dir='ltr'><strong>et</strong></span> <span class='ocrx_word' id='word_1_417' title='bbox 1403 4581 1549 4678; x_wconf 88' lang='lat' dir='ltr'><strong>reptilia</strong></span> <span class='ocrx_word' id='word_1_418' title='bbox 1573 4594 1609 4655; x_wconf 89' lang='lat' dir='ltr'><strong>et</strong></span> <span class='ocrx_word' id='word_1_419' title='bbox 1630 4582 1739 4656; x_wconf 88' lang='lat' dir='ltr'><strong>llatns</strong></span> <span class='ocrx_word' id='word_1_420' title='bbox 1760 4597 1954 4658; x_wconf 88' lang='lat' dir='ltr'><strong>ventorum</strong></span> 
     </span>
     <span class='ocr_line' id='line_1_32' title="bbox 359 4702 1956 4805; baseline 0.003 -26"><span class='ocrx_word' id='word_1_421' title='bbox 359 4719 396 4780; x_wconf 88' lang='lat' dir='ltr'><strong>et</strong></span> <span class='ocrx_word' id='word_1_422' title='bbox 422 4729 552 4779; x_wconf 90' lang='lat' dir='ltr'><strong>cursus</strong></span> <span class='ocrx_word' id='word_1_423' title='bbox 573 4702 764 4776; x_wconf 88' lang='lat' dir='ltr'><strong>llnminnm</strong></span> <span class='ocrx_word' id='word_1_424' title='bbox 777 4702 951 4777; x_wconf 89' lang='lat' dir='ltr'><strong>-dehet</strong></span> <span class='ocrx_word' id='word_1_425' title='bbox 973 4703 1011 4776; x_wconf 90' lang='lat' dir='ltr'><strong>in</strong></span> <span class='ocrx_word' id='word_1_426' title='bbox 1031 4727 1140 4775; x_wconf 88' lang='lat' dir='ltr'><strong>mauu</strong></span> <span class='ocrx_word' id='word_1_427' title='bbox 1165 4703 1305 4777; x_wconf 90' lang='lat' dir='ltr'><strong>habens</strong></span> <span class='ocrx_word' id='word_1_428' title='bbox 1329 4704 1376 4777; x_wconf 89' lang='lat' dir='ltr'><strong>ad</strong></span> <span class='ocrx_word' id='word_1_429' title='bbox 1394 4730 1558 4805; x_wconf 80' lang='lat' dir='ltr'><strong>unguem</strong></span> <span class='ocrx_word' id='word_1_430' title='bbox 1582 4705 1682 4779; x_wconf 92' lang='lat' dir='ltr'><strong>illam</strong></span> <span class='ocrx_word' id='word_1_431' title='bbox 1701 4707 1956 4784; x_wconf 89' lang='lat' dir='ltr'><strong>constellatio-</strong></span> 
     </span>
     <span class='ocr_line' id='line_1_33' title="bbox 359 4826 1956 4930; baseline 0.003 -28"><span class='ocrx_word' id='word_1_432' title='bbox 359 4855 448 4903; x_wconf 90' lang='lat' dir='ltr'><strong>num</strong></span> <span class='ocrx_word' id='word_1_433' title='bbox 464 4827 668 4902; x_wconf 87' lang='lat' dir='ltr'><strong>doctrinam</strong></span> <span class='ocrx_word' id='word_1_434' title='bbox 686 4827 1007 4927; x_wconf 87' lang='lat' dir='ltr'><strong>-appellationis</strong></span> <span class='ocrx_word' id='word_1_435' title='bbox 1022 4826 1105 4901; x_wconf 90' lang='lat' dir='ltr'><strong>dico</strong></span> <span class='ocrx_word' id='word_1_436' title='bbox 1120 4839 1157 4901; x_wconf 88' lang='lat' dir='ltr'><strong>et</strong></span> <span class='ocrx_word' id='word_1_437' title='bbox 1177 4828 1335 4902; x_wconf 89' lang='lat' dir='ltr'><strong>nominis</strong></span> <span class='ocrx_word' id='word_1_438' title='bbox 1351 4830 1477 4930; x_wconf 82' lang='lat' dir='ltr'><strong>magni</strong></span> <span class='ocrx_word' id='word_1_439' title='bbox 1492 4843 1528 4904; x_wconf 91' lang='lat' dir='ltr'><strong>et</strong></span> <span class='ocrx_word' id='word_1_440' title='bbox 1547 4829 1810 4930; x_wconf 87' lang='lat' dir='ltr'><strong>omnipotentis</strong></span> <span class='ocrx_word' id='word_1_441' title='bbox 1825 4833 1896 4907; x_wconf 89' lang='lat' dir='ltr'><strong>Dei</strong></span> <span class='ocrx_word' id='word_1_442' title='bbox 1908 4878 1956 4891; x_wconf 90' lang='lat'><em>-</em></span> 
     </span>
     <span class='ocr_line' id='line_1_34' title="bbox 360 4952 1957 5053; baseline 0.004 -26"><span class='ocrx_word' id='word_1_443' title='bbox 360 4954 499 5053; x_wconf 82' lang='lat' dir='ltr'><strong>eligere</strong></span> <span class='ocrx_word' id='word_1_444' title='bbox 518 4952 802 5051; x_wconf 85' lang='lat' dir='ltr'><strong>unumquodque</strong></span> <span class='ocrx_word' id='word_1_445' title='bbox 823 4963 1047 5026; x_wconf 90' lang='lat' dir='ltr'><strong>momentum</strong></span> <span class='ocrx_word' id='word_1_446' title='bbox 1066 4965 1104 5025; x_wconf 90' lang='lat' dir='ltr'><strong>et</strong></span> <span class='ocrx_word' id='word_1_447' title='bbox 1123 4965 1269 5052; x_wconf 90' lang='lat' dir='ltr'><strong>tempus</strong></span> <span class='ocrx_word' id='word_1_448' title='bbox 1291 4952 1330 5026; x_wconf 92' lang='lat' dir='ltr'><strong>in</strong></span> <span class='ocrx_word' id='word_1_449' title='bbox 1352 4980 1424 5052; x_wconf 92' lang='lat' dir='ltr'><strong>quo</strong></span> <span class='ocrx_word' id='word_1_450' title='bbox 1446 4954 1555 5029; x_wconf 89' lang='lat' dir='ltr'><strong>dehet</strong></span> <span class='ocrx_word' id='word_1_451' title='bbox 1575 4954 1668 5030; x_wconf 89' lang='lat' dir='ltr'><strong>tales</strong></span> <span class='ocrx_word' id='word_1_452' title='bbox 1688 4955 1957 5033; x_wconf 85' lang='lat' dir='ltr'><strong>incantationes</strong></span> 
     </span>
    </p>
   </div>
   <div class='ocr_carea' id='block_1_8' title="bbox 360 5135 1959 5550">
    <p class='ocr_par' dir='ltr' id='par_1_11' title="bbox 423 5135 1736 5223">
     <span class='ocr_line' id='line_1_35' title="bbox 423 5135 1736 5223; baseline 0.005 -22"><span class='ocrx_word' id='word_1_453' title='bbox 423 5146 448 5203; x_wconf 89' lang='lat'><strong>1.</strong></span> <span class='ocrx_word' id='word_1_454' title='bbox 475 5139 522 5202; x_wconf 87' lang='lat' dir='ltr'><strong>Ea</strong></span> <span class='ocrx_word' id='word_1_455' title='bbox 537 5139 596 5202; x_wconf 88' lang='lat' dir='ltr'><strong>luit</strong></span> <span class='ocrx_word' id='word_1_456' title='bbox 610 5158 687 5202; x_wconf 84' lang='lat' dir='ltr'><strong>sane</strong></span> <span class='ocrx_word' id='word_1_457' title='bbox 704 5157 796 5201; x_wconf 90' lang='lat' dir='ltr'><strong>mens</strong></span> <span class='ocrx_word' id='word_1_458' title='bbox 811 5135 974 5221; x_wconf 84' lang='lat' dir='ltr'><strong>Apollonii</strong></span> <span class='ocrx_word' id='word_1_459' title='bbox 991 5138 1170 5221; x_wconf 79' lang='lat' dir='ltr'><strong>Tyanensis</strong></span> <span class='ocrx_word' id='word_1_460' title='bbox 1182 5139 1237 5223; x_wconf 90' lang='lat' dir='ltr'><strong>qui</strong></span> <span class='ocrx_word' id='word_1_461' title='bbox 1252 5140 1432 5204; x_wconf 86' lang='lat' dir='ltr'><strong>castitatem</strong></span> <span class='ocrx_word' id='word_1_462' title='bbox 1447 5141 1586 5207; x_wconf 89' lang='lat' dir='ltr'><strong>coluisse</strong></span> <span class='ocrx_word' id='word_1_463' title='bbox 1600 5142 1736 5207; x_wconf 85' lang='lat' dir='ltr'><strong>videtur.</strong></span> 
     </span>
    </p>

    <p class='ocr_par' dir='ltr' id='par_1_12' title="bbox 360 5243 1959 5550">
     <span class='ocr_line' id='line_1_36' title="bbox 423 5243 1959 5336; baseline 0.005 -27"><span class='ocrx_word' id='word_1_464' title='bbox 423 5251 451 5310; x_wconf 89' lang='grc'><strong>2.</strong></span> <span class='ocrx_word' id='word_1_465' title='bbox 474 5246 524 5310; x_wconf 88' lang='lat' dir='ltr'><strong>Cl.</strong></span> <span class='ocrx_word' id='word_1_466' title='bbox 542 5245 666 5308; x_wconf 87' lang='lat' dir='ltr'><strong>Plinius</strong></span> <span class='ocrx_word' id='word_1_467' title='bbox 682 5244 862 5321; x_wconf 88' lang='lat' dir='ltr'><strong>Secundus,</strong></span> <span class='ocrx_word' id='word_1_468' title='bbox 879 5243 1003 5310; x_wconf 88' lang='lat' dir='ltr'><strong>Natur.</strong></span> <span class='ocrx_word' id='word_1_469' title='bbox 1019 5244 1117 5325; x_wconf 80' lang='lat' dir='ltr'><strong>Hist,</strong></span> <span class='ocrx_word' id='word_1_470' title='bbox 1141 5267 1208 5321; x_wconf 84' lang='lat' dir='ltr'><strong>xrx,</strong></span> <span class='ocrx_word' id='word_1_471' title='bbox 1226 5253 1264 5310; x_wconf 83' lang='lat'><strong>57</strong></span> <span class='ocrx_word' id='word_1_472' title='bbox 1282 5267 1290 5309; x_wconf 78' lang='grc' dir='ltr'><strong>ε</strong></span> <span class='ocrx_word' id='word_1_473' title='bbox 1309 5245 1430 5311; x_wconf 82' lang='lat' dir='ltr'><strong>Omnia</strong></span> <span class='ocrx_word' id='word_1_474' title='bbox 1449 5269 1524 5336; x_wconf 77' lang='lat' dir='ltr'><strong>uero</strong></span> <span class='ocrx_word' id='word_1_475' title='bbox 1535 5270 1678 5312; x_wconf 82' lang='lat' dir='ltr'><strong>accessu</strong></span> <span class='ocrx_word' id='word_1_476' title='bbox 1698 5252 1849 5314; x_wconf 84' lang='lat' dir='ltr'><strong>mulieris</strong></span> <span class='ocrx_word' id='word_1_477' title='bbox 1867 5273 1959 5316; x_wconf 85' lang='lat' dir='ltr'><strong>men·</strong></span> 
     </span>
     <span class='ocr_line' id='line_1_37' title="bbox 360 5351 1959 5444; baseline 0.004 -27"><span class='ocrx_word' id='word_1_478' title='bbox 360 5355 499 5417; x_wconf 86' lang='lat' dir='ltr'><strong>strualis</strong></span> <span class='ocrx_word' id='word_1_479' title='bbox 514 5354 708 5437; x_wconf 73' lang='lat' dir='ltr'><strong>flavescunt.</strong></span> <span class='ocrx_word' id='word_1_480' title='bbox 724 5351 948 5415; x_wconf 84' lang='lat' dir='ltr'><strong>Bestiolarum</strong></span> <span class='ocrx_word' id='word_1_481' title='bbox 961 5372 1090 5436; x_wconf 88' lang='lat' dir='ltr'><strong>quoque</strong></span> <span class='ocrx_word' id='word_1_482' title='bbox 1106 5373 1232 5435; x_wconf 79' lang='lat' dir='ltr'><strong>genera</strong></span> <span class='ocrx_word' id='word_1_483' title='bbox 1246 5356 1476 5435; x_wconf 83' lang='lat' dir='ltr'><strong>innascuntur,</strong></span> <span class='ocrx_word' id='word_1_484' title='bbox 1492 5364 1524 5418; x_wconf 91' lang='lat' dir='ltr'><strong>et</strong></span> <span class='ocrx_word' id='word_1_485' title='bbox 1538 5377 1653 5431; x_wconf 81' lang='lat' dir='ltr'><strong>xxvrn,</strong></span> <span class='ocrx_word' id='word_1_486' title='bbox 1669 5361 1728 5421; x_wconf 83' lang='lat'><strong>23:</strong></span> <span class='ocrx_word' id='word_1_487' title='bbox 1745 5356 1959 5444; x_wconf 83' lang='lat' dir='ltr'><strong>Quocumque</strong></span> 
     </span>
     <span class='ocr_line' id='line_1_38' title="bbox 362 5458 1957 5550; baseline 0.004 -26"><span class='ocrx_word' id='word_1_488' title='bbox 362 5474 473 5524; x_wconf 86' lang='lat' dir='ltr'><strong>autem</strong></span> <span class='ocrx_word' id='word_1_489' title='bbox 488 5461 557 5523; x_wconf 83' lang='lat' dir='ltr'><strong>alio</strong></span> <span class='ocrx_word' id='word_1_490' title='bbox 570 5472 751 5538; x_wconf 82' lang='lat' dir='ltr'><strong>menstruo,</strong></span> <span class='ocrx_word' id='word_1_491' title='bbox 765 5463 797 5522; x_wconf 84' lang='grc' dir='ltr'><strong>εἰ</strong></span> <span class='ocrx_word' id='word_1_492' title='bbox 808 5458 956 5522; x_wconf 79' lang='lat' dir='ltr'><strong>nudatae</strong></span> <span class='ocrx_word' id='word_1_493' title='bbox 970 5472 1108 5544; x_wconf 75' lang='lat' dir='ltr'><strong>segetem</strong></span> <span class='ocrx_word' id='word_1_494' title='bbox 1123 5461 1282 5540; x_wconf 84' lang='lat' dir='ltr'><strong>ambiant,</strong></span> <span class='ocrx_word' id='word_1_495' title='bbox 1296 5481 1414 5524; x_wconf 86' lang='lat' dir='ltr'><strong>erucas</strong></span> <span class='ocrx_word' id='word_1_496' title='bbox 1426 5483 1467 5524; x_wconf 87' lang='lat' dir='ltr'><strong>ac</strong></span> <span class='ocrx_word' id='word_1_497' title='bbox 1482 5463 1685 5541; x_wconf 75' lang='lat' dir='ltr'><strong>vermiculos,</strong></span> <span class='ocrx_word' id='word_1_498' title='bbox 1702 5465 1957 5550; x_wconf 83' lang='lat' dir='ltr'><strong>scarabecsque,</strong></span> 
     </span>
    </p>
   </div>
   <div class='ocr_carea' id='block_1_9' title="bbox 362 5565 1959 5738">
    <p class='ocr_par' dir='ltr' id='par_1_13' title="bbox 362 5565 1959 5738">
     <span class='ocr_line' id='line_1_39' title="bbox 362 5565 1959 5652; baseline 0.006 -23"><span class='ocrx_word' id='word_1_499' title='bbox 362 5590 402 5629; x_wconf 85' lang='lat' dir='ltr'><strong>aa</strong></span> <span class='ocrx_word' id='word_1_500' title='bbox 416 5572 517 5631; x_wconf 76' lang='lat' dir='ltr'><strong>noxia</strong></span> <span class='ocrx_word' id='word_1_501' title='bbox 531 5568 604 5629; x_wconf 83' lang='lat' dir='ltr'><strong>elia</strong></span> <span class='ocrx_word' id='word_1_502' title='bbox 618 5565 780 5629; x_wconf 78' lang='lat' dir='ltr'><strong>decidere.</strong></span> <span class='ocrx_word' id='word_1_503' title='bbox 797 5566 1009 5629; x_wconf 88' lang='lat' dir='ltr'><strong>Metrodorus</strong></span> <span class='ocrx_word' id='word_1_504' title='bbox 1026 5567 1179 5649; x_wconf 78' lang='lat' dir='ltr'><strong>Scepsius</strong></span> <span class='ocrx_word' id='word_1_505' title='bbox 1192 5570 1226 5630; x_wconf 87' lang='lat' dir='ltr'><strong>in</strong></span> <span class='ocrx_word' id='word_1_506' title='bbox 1244 5568 1460 5652; x_wconf 83' lang='lat' dir='ltr'><strong>Cappadocia</strong></span> <span class='ocrx_word' id='word_1_507' title='bbox 1474 5572 1639 5635; x_wconf 74' lang='lat' dir='ltr'><strong>iacentum</strong></span> <span class='ocrx_word' id='word_1_508' title='bbox 1651 5569 1775 5652; x_wconf 82' lang='lat' dir='ltr'><strong>prodit,</strong></span> <span class='ocrx_word' id='word_1_509' title='bbox 1793 5571 1833 5634; x_wconf 81' lang='lat' dir='ltr'><strong>ob</strong></span> <span class='ocrx_word' id='word_1_510' title='bbox 1848 5574 1959 5638; x_wconf 85' lang='lat' dir='ltr'><strong>multi·</strong></span> 
     </span>
     <span class='ocr_line' id='line_1_40' title="bbox 364 5673 795 5738; baseline 0 -3"><span class='ocrx_word' id='word_1_511' title='bbox 364 5673 508 5737; x_wconf 79' lang='lat' dir='ltr'><strong>tudinem</strong></span> <span class='ocrx_word' id='word_1_512' title='bbox 523 5674 795 5738; x_wconf 77' lang='lat' dir='ltr'><strong>cantharidum...</strong></span> 
     </span>
    </p>
   </div>
   <div class='ocr_carea' id='block_1_10' title="bbox 0 0 2091 6468">
    <p class='ocr_par' dir='ltr' id='par_1_14' title="bbox 0 0 2091 6468">
     <span class='ocr_line' id='line_1_41' title="bbox 0 0 2091 6468; baseline 0 0"><span class='ocrx_word' id='word_1_513' title='bbox 0 0 2091 6468; x_wconf 95' lang='lat' dir='ltr'><strong> </strong></span> 
     </span>
    </p>
   </div>
  </div>
 </body>
</html>
