4108 6458
577 549 633 611 DE
655 548 985 614 PERSECUTIONE
1010 547 1202 614 SAPORIS.
1627 556 1685 613 095

87 735 359 824 violentiarum,
384 762 476 835 quae
501 749 664 835 tempore
689 736 850 810 iudicato
870 737 1089 812 Christianis
1109 737 1235 811 inlerri
1260 738 1489 837 inceperunt.
1506 742 1686 838 Tempore

87 869 238 968 quidem
258 869 490 943 Constantini
512 870 636 969 magni
665 873 782 968 Sapor
807 869 961 944 forsitan
987 870 1035 944 ob
1059 872 1227 944 timorem
1250 871 1482 969 imperatoris
1507 897 1528 944 a
1551 871 1686 945 talibus

87 1004 292 1077 sceleribus
322 1001 547 1089 abstinebat3
571 1015 714 1076 mortuo
738 1015 859 1077 autem
882 1004 1137 1090 Constantino,
1156 1004 1218 1102 qui
1246 1003 1351 1077 annis
1377 1004 1516 1077 ultimis
1544 1005 1686 1105 imperii

89 1137 147 1209 sui
166 1140 343 1236 Saporem
358 1135 455 1209 bello
476 1135 647 1210 invadere
669 1135 871 1241 cogitabat,
895 1136 1024 1210 codem
1044 1162 1140 1210 anno
1160 1135 1299 1236 (337s8)
1318 1136 1454 1210 bellum
1476 1138 1597 1210 intulit
1618 1140 1688 1210 Ro-

88 1269 210 1342 manis
227 1280 263 1342 ct
281 1267 425 1341 Nisibin
440 1268 567 1341 urbem
582 1294 796 1368 oppugnare
813 1270 947 1368 coepit,
967 1269 1077 1342 rebus
1096 1282 1220 1342 tamen
1235 1269 1381 1342 iniectis
1402 1270 1521 1343 redire
1538 1282 1687 1343 coactus
1739 1372 1745 1391 ι

90 1416 162 1477 est.
186 1405 240 1475 Ex
258 1402 327 1475 hoc
349 1414 471 1474 autem
496 1415 659 1500 tempore
685 1401 815 1501 incipit
833 1402 1041 1501 persecutio
1072 1401 1231 1475 crudelis
1259 1402 1565 1489 Christianorum,
1595 1429 1686 1502 quae

89 1535 276 1634 usquead
302 1534 417 1632 Regia
440 1548 594 1607 mortem
624 1534 797 1608 continuo
823 1535 966 1608 saeviit.
999 1536 1106 1608 Ratio
1134 1535 1230 1607 enim
1256 1534 1398 1621 ultima,
1421 1537 1475 1609 uti
1501 1561 1611 1635 supra
1630 1536 1687 1608 in·

89 1666 167 1751 nui,
188 1667 454 1766 persecutionis
470 1667 548 1739 sine
563 1666 674 1749 dnbio
691 1693 734 1740 ea
749 1681 840 1755 erat,
858 1680 898 1741 ut
913 1669 1131 1767 propagatio
1148 1666 1419 1741 Christianismi
1432 1668 1682 1767 impediretur,

89 1826 135 1874 ex
154 1825 228 1899 quo
254 1803 446 1873 Persarum
473 1800 626 1899 imperio
649 1800 810 1898 pericula
831 1801 1041 1899 impendere
1064 1800 1288 1874 viderentur.
1311 1803 1365 1872 De
1385 1826 1496 1873 causa
1521 1801 1686 1900 proxima

90 1933 257 2006 eiusdem
277 1933 368 2005 nihil
394 1933 482 2006 certi
503 1947 661 2018 constat,
688 1959 771 2006 cum
794 1934 887 2007 Acta
906 1934 987 2031 ipsa
1010 1946 1157 2033 praeter
1180 1934 1454 2032 inquisitionem
1479 1933 1685 2007 iudicialem

90 2079 127 2139 et
145 2091 300 2166 poenas,
319 2092 409 2164 quas
426 2069 609 2165 Martyres
625 2066 817 2140 subierunt
830 2067 891 2139 vix
910 2066 1009 2139 aliud
1029 2066 1225 2140 memoriae
1245 2066 1414 2166 prodant.

165 2290 203 2359 4.
236 2290 290 2359 De
317 2291 535 2383 chronologia
559 2274 854 2386 persecutionum
884 2288 975 2361 mira
1002 2288 1138 2387 ubique
1167 2300 1298 2387 regnat
1327 2288 1569 2377 dissonantia,
1595 2314 1687 2387 quae

90 2419 368 2518 inexplorabilis
390 2433 502 2509 essct,
521 2420 591 2493 nisi
616 2421 753 2519 scripta
775 2421 974 2520 Aphraatis
1000 2421 1124 2495 coaevi
1145 2422 1276 2494 clavim
1292 2421 1337 2493 ad
1357 2446 1438 2494 eam
1454 2421 1688 2495 reserandam

92 2552 384 2653 suppeditarent.

171 2690 269 2760 luter
303 2689 462 2760 Graecos
491 2701 661 2761 auctores
687 2688 854 2761 Hermias
887 2691 1150 2784 Sozomcnna¹‚
1180 2687 1446 2785 Theophanes²
1476 2689 1690 2787 martyrium

93 2825 132 2893 S.
157 2820 341 2893 Simeonis
359 2833 524 2918 tempore
554 2821 789 2894 Constantini
817 2821 941 2920 magui
966 2820 1146 2894 accidisse
1171 2820 1346 2906 referunt,
1367 2820 1524 2918 decepti,
1544 2821 1597 2893 uti
1619 2821 1690 2894 iam

94 2958 151 3027 St.
169 2953 363 3026 Assemani
379 2953 576 3039 ostendit³,
596 2953 753 3052 epistola
770 2953 937 3027 eiusdem
956 2952 1187 3053 imperatoris
1208 2954 1254 3026 ad
1272 2958 1448 3050 Saporem
1472 2953 1598 3040 missa,
1619 2980 1691 3052 qua

93 3085 326 3161 Christianos
359 3085 633 3159 benevolentiae
673 3087 822 3185 Saporis
858 3086 1137 3159 commendavit.
1169 3090 1245 3159 Hos
1285 3099 1432 3159 secutus
1474 3099 1531 3159 est
1563 3087 1689 3160 Simon

94 3219 304 3303 Assemani,
327 3219 388 3316 qui
417 3218 561 3291 initium
584 3218 850 3318 persecutionis
871 3233 907 3293 et
929 3231 1083 3293 mortem
1104 3219 1286 3292 Simeonis
1313 3243 1409 3292 anno
1431 3219 1503 3291 330
1524 3219 1690 3292 evenisse

94 3353 265 3426 statuit⁴.

169 3486 349 3560 ductores
364 3486 587 3559 recentiores
602 3486 738 3586 pariter
752 3485 988 3560 dissentiunt.
1012 3485 1160 3558 initium
1179 3484 1446 3583 persecutionis
1465 3498 1691 3584 mortemque

97 3624 138 3691 S.
157 3618 340 3692 Simeonis
356 3619 458 3716 ponit
474 3620 519 3691 ad
539 3645 674 3692 annum
704 3647 711 3690 :

172 3752 308 3845 339l40
328 3751 492 3825 Noldclre
505 3755 532 3829 ⁵.

172 3887 244 3958 340
260 3888 315 3958 St.
331 3887 526 3958 Assemani
540 3888 567 3972 ⁰,

173 4020 243 4091 343
265 4019 444 4092 Baronius
459 4023 486 4104 ⁷,

45 4296 48 4303 ι
159 4221 283 4296 ⁴Hist.,
299 4221 337 4298 ll,
355 4228 385 4282 9.

159 4327 315 4411 ²Corpus
335 4326 540 4411 Scriptorum
561 4326 729 4391 Historiae
745 4327 965 4407 Byzantinos,
985 4327 1127 4401 Bonnac,
1146 4331 1234 4402 1830,
1251 4336 1275 4390 t.
1294 4326 1317 4401 l,
1339 4326 1565 4409 Theophanes,
1586 4346 1620 4409 p.
1641 4331 1691 4387 30,

97 4435 191 4497 Anno
215 4440 293 4497 5816
314 4433 392 4497 dicit
414 4433 577 4515 Synodum
599 4433 771 4496 Nicaenam
795 4434 988 4497 celebratam
1015 4455 1086 4497 esse
1109 4444 1140 4496 ct
1161 4454 1243 4496 anno
1270 4432 1415 4516 sequenti
1437 4435 1516 4496 5817
1539 4453 1693 4516 persecu-

96 4543 218 4604 tionem
242 4541 426 4603 auctorihus
451 4539 577 4603 ludaeis
601 4541 799 4604 suscitatam.
826 4541 951 4605 Relatio
973 4541 1041 4602 eius
1059 4562 1098 4602 ex
1123 4562 1220 4624 opere
1248 4539 1415 4602 Sozomeni
1440 4538 1609 4622 desumpta
1630 4548 1689 4602 est.

98 4647 314 4710 Gustazadem
327 4648 502 4722 Οὖσταζάδης
520 4647 643 4719 scribit,
658 4647 703 4708 uti
720 4668 782 4709 una
796 4648 864 4710 vice
880 4647 981 4709 codex
994 4646 1191 4709 Fulretianus
1206 4646 1384 4709 Sozomeni.

158 4755 172 4793 ³
190 4753 237 4816 St.
254 4753 290 4816 Ε.
308 4754 488 4829 assemani,
509 4754 593 4816 Acta
614 4755 673 4819 SS.
695 4752 884 4834 Martyrum
899 4755 1108 4817 orientalium
1129 4767 1160 4815 ct
1174 4754 1437 4830 occidentalium,
1454 4761 1478 4815 t.
1496 4752 1520 4827 l,
1542 4773 1574 4835 p.
1595 4774 1690 4814 cxxxi

98 4881 161 4945 sq,
178 4860 310 4934 Romae,
330 4865 417 4922 1748.

160 4966 172 5003 ⁴
194 4966 221 5030 l.
239 4966 419 5041 Asscmani‚
438 4965 641 5029 Bibliotheca
659 4964 849 5046 Orientalis,
867 4977 890 5029 t.
908 4966 932 5042 Ι,
948 4967 1079 5041 Romae,
1099 4970 1186 5039 1728,
1204 4986 1237 5049 p.
1257 4971 1342 5028 1-12.

159 5073 172 5111 ⁵
187 5072 248 5136 Th.
265 5072 419 5149 Noldekc,
435 5094 487 5156 op.
505 5076 570 5148 cit,
584 5094 616 5156 p.
634 5076 703 5147 410,
720 5072 774 5135 uhi
788 5073 1031 5157 chronologiam
1048 5071 1294 5135 Sassnnidarnm
1308 5072 1448 5134 breviter
1464 5080 1649 5154 pertractat.

159 5180 236 5243 ‘St
261 5180 297 5242 E.
320 5178 503 5255 Assemani,
527 5201 579 5262 op.
604 5184 669 5255 cit,
694 5201 726 5263 p.
749 5201 840 5256 cxxv,
863 5180 988 5242 initium
1010 5179 1245 5264 persecutionis
1269 5199 1353 5240 anno
1376 5182 1445 5254 340,
1471 5178 1505 5241 S.
1531 5176 1690 5239 Simeonis

100 5296 235 5350 mortem
256 5307 340 5349 anno
361 5291 418 5348 341
434 5288 579 5349 evenisse
595 5287 716 5349 statuit.

159 5395 173 5433 ⁷
190 5393 224 5455 ln
237 5394 424 5457 Annalibus
438 5393 662 5457 Ecclesiaticis
677 5390 716 5456 ad
737 5414 854 5456 annum
871 5398 929 5456 343
942 5394 1092 5456 observat
1110 5416 1117 5456 z
1136 5393 1207 5456 Hoc
1222 5392 1332 5455 itidem
1351 5395 1488 5474 septimo
1500 5413 1589 5452 anno
1607 5390 1694 5452 Con-

100 5503 216 5563 stantii
228 5512 260 5563 et
274 5500 462 5562 Constantis
476 5500 716 5583 Imperatorum
730 5505 867 5583 ponitur
878 5504 912 5562 in
928 5499 1088 5563 Chronico
1101 5523 1122 5561 a
1139 5500 1173 5562 S.
1189 5500 1378 5579 Heronymo
1395 5501 1538 5559 excitata
1553 5500 1587 5559 in
1603 5496 1695 5558 Chri·

101 5611 226 5670 stianos
240 5607 364 5670 Persas
383 5630 404 5668 a
421 5608 548 5691 Sapore
563 5606 650 5689 Rege
664 5607 845 5669 Persarum
861 5606 936 5670 dira
952 5609 1153 5690 persecutio,
1172 5609 1348 5688 cuipotius
1366 5608 1577 5681 assentimur,
1594 5624 1693 5686 quam

102 5717 152 5792 iis,
169 5717 228 5797 qui
249 5716 396 5795 reserant
420 5715 512 5776 illam
534 5713 581 5775 ad
604 5727 751 5797 tempora
776 5714 986 5778 Constantini
1007 5716 1179 5776 occasione
1203 5713 1389 5775 litterarum
1409 5712 1450 5773 ab
1466 5732 1502 5774 eo
1521 5708 1568 5771 ad
1589 5712 1695 5793 ipsum

103 5820 260 5904 Saporem
277 5842 384 5905 regem
399 5825 599 5904 scriptarum
607 5826 792 5905 permoti...
