4120 6458
354 522 414 581 535
895 516 1139 584 PRAEFATIO
1162 555 1201 566 —
1223 516 1364 585 CAPUT
1387 521 1427 583 ll.

356 699 501 797 graecis
530 711 673 773 tantum
700 698 914 773 hauserunt.
941 701 1030 772 Post
1051 699 1224 799 vulgatos
1251 725 1338 773 vero
1365 725 1496 774 versus
1519 701 1644 774 Sancti
1669 702 1864 800 Ephmm',
1887 703 1944 802 qui

353 831 451 903 riam
465 832 631 931 pandunt
646 831 870 931 multiplicas
889 830 1195 931 interpretationi,
1213 833 1374 931 pessima
1389 834 1506 907 evasit
1519 835 1740 908 bardesanis
1759 836 1942 908 memoria.

428 965 550 1038 Media
582 965 824 1038 incedendum
858 978 915 1038 est
947 965 1017 1038 via.
1054 965 1269 1038 Tenendum
1299 967 1445 1040 videtur
1478 967 1726 1041 Bardesanem
1765 967 1944 1042 hominem

351 1098 529 1196 praeclari
560 1097 701 1198 ingenii
731 1097 859 1183 luisse,
894 1098 1061 1171 doctrina
1084 1110 1120 1171 et
1153 1090 1542 1187 eruditione‘clarum,
1574 1101 1776 1200 ducemque
1800 1100 1943 1176 scholae

352 1232 517 1304 scientiis
532 1231 761 1305 naturalibus
780 1245 817 1305 et
831 1230 1017 1305 historicis
1037 1232 1254 1329 praesertim
1275 1232 1456 1306 addictae.
1477 1235 1519 1306 ln
1531 1234 1712 1331 quosdam
1728 1248 1851 1307 tamen
1866 1234 1944 1333 lap·

350 1389 415 1437 sus
434 1378 491 1437 est
504 1389 648 1437 errores
665 1365 711 1437 de
727 1366 864 1437 inlluxu
881 1378 1075 1451 astrorum,
1093 1352 1251 1464 origine,
1270 1366 1535 1465 compositione
1551 1379 1587 1440 et
1603 1367 1673 1440 fine
1694 1367 1860 1467 corporis
1876 1368 1944 1441 hu·

352 1497 467 1583 mani,
491 1523 633 1571 necnon
653 1498 698 1571 de
723 1522 873 1597 corpore
895 1498 1045 1571 Christi.
1071 1542 1122 1553 —
1145 1500 1203 1571 An
1231 1500 1377 1572 demum
1401 1500 1512 1573 suerit
1531 1500 1773 1602 gnosticus²i
1793 1503 1945 1574 Perrara

351 1642 407 1703 est
427 1629 525 1703 illius
541 1629 699 1704 nominis
714 1631 891 1717 definitio,
909 1631 1006 1704 unde
1022 1632 1068 1704 lis
1084 1645 1141 1705 cst
1156 1632 1280 1704 forsan
1301 1633 1346 1705 de
1367 1633 1526 1706 nomine.
1546 1634 1585 1705 Si
1605 1633 1857 1734 gnosticorum
1878 1660 1946 1707 no·

351 1788 436 1836 men
453 1763 574 1837 serunt
589 1764 809 1863 quicumque
828 1763 1001 1837 scientias
1022 1790 1251 1864 paganorum
1270 1764 1307 1837 in
1328 1767 1463 1865 dogma
1487 1765 1726 1839 christianum
1746 1767 1945 1839 transferre

351 1897 572 1970 studuerunt
586 1897 714 1996 primis
729 1910 876 1970 nostrae
893 1897 1027 1971 aetatis
1047 1898 1218 1985 saeculis,
1238 1898 1431 1997 gnosticus
1446 1898 1595 1997 quidem
1613 1884 1681 1973 suit
1697 1900 1943 1986 Bardesanes3

352 2029 483 2102 sivero
506 2030 666 2129 gnostici
686 2043 774 2105 nota
799 2056 873 2104 non
894 2031 1051 2104 inuritur
1069 2031 1140 2105 nisi
1161 2032 1410 2105 deliramentis
1429 2035 1596 2107 dualismi
1615 2045 1652 2106 et
1674 2039 1941 2117 emanationem,

350 2162 471 2236 verbis
500 2165 580 2237 eius
605 2176 642 2237 ct
667 2164 828 2263 antiquis
858 2177 1048 2238 auctorum
1071 2165 1293 2239 testimoniis
1315 2177 1458 2239 mature
1479 2165 1686 2265 perpensis,
1717 2165 1947 2239 Bardesanes

351 2295 430 2395 ipse
443 2341 493 2351 —
507 2296 685 2395 quidquid
705 2297 750 2370 de
770 2297 850 2370 eius
870 2297 1062 2397 discipulis
1086 2298 1329 2372 sentiatur-
1351 2298 1543 2398 gnosticus
1558 2298 1673 2372 fuisse
1694 2323 1767 2371 non
1784 2299 1944 2372 videtur.

295 2496 301 2511 ’
412 2518 420 2555 ⁴
446 2518 480 2581 S.
497 2518 642 2601 Ephrem
657 2517 770 2601 Opera
783 2522 904 2597 omnia,
922 2520 1054 2595 Romae,
1073 2525 1258 2583 1737-1743.

409 2623 596 2688 ²Auctores
617 2625 746 2708 quidem
769 2625 965 2708 posteriores
985 2627 1027 2689 ad
1049 2627 1296 2711 gnosticismum
1315 2635 1482 2690 traxerunt
1505 2627 1733 2702 Bardesanem,
1755 2637 1789 2689 ut
1804 2628 1874 2710 jam
1888 2648 1947 2689 no·

349 2730 496 2807 tammus,
508 2731 584 2814 quia
598 2731 686 2793 iuxta
699 2731 886 2806 Eusebium,
897 2732 1058 2817 particeps
1071 2734 1132 2796 luit
1143 2734 1246 2816 primo
1256 2734 1376 2796 erroris
1386 2732 1548 2797 Valentini
1558 2733 1708 2817 gnostici,
1720 2742 1753 2795 et
1767 2733 1843 2816 quia
1858 2732 1946 2795 dam-

350 2845 444 2900 natus
461 2837 520 2899 luit
535 2859 553 2899 a
571 2838 605 2901 S.
622 2837 780 2922 Ephrem3
797 2838 855 2902 sed
869 2838 1029 2902 Eusebius
1047 2839 1137 2902 addit
1151 2839 1369 2903 Bardesanem
1384 2841 1423 2903 ab
1443 2840 1504 2903 hoc
1523 2860 1631 2904 errore
1651 2840 1826 2903 recessisse
1840 2848 1872 2903 et
1891 2840 1946 2903 de·

349 2944 579 3008 monstravisse
588 2944 696 3007 omnia
705 2944 869 3008 Valentini
878 2945 1053 3029 dogmenta
1063 2945 1188 3010 fabulas
1199 2966 1281 3009 esse.
1292 2946 1431 3009 Credere
1440 2966 1613 3030 possumus
1622 2948 1718 3010 etiam
1729 2946 1947 3010 Bardesanem

349 3050 415 3131 qui,
436 3050 525 3114 iuxta
544 3050 729 3128 Eusebium,
749 3050 790 3114 ad
811 3071 971 3115 summam
994 3052 1191 3137 astrologiae
1213 3053 1429 3137 cognitionem
1448 3063 1647 3136 pervenerat,
1668 3053 1709 3117 ob
1730 3052 1819 3115 illam
1841 3053 1947 3137 ipsam

347 3157 541 3242 astrologiae
563 3156 781 3242 cognitionem
802 3168 834 3221 ct
858 3178 922 3222 non
943 3159 984 3222 ob
1009 3158 1090 3223 alios
1112 3179 1249 3236 errores,
1274 3159 1404 3223 scholae
1424 3158 1586 3223 Valentini
1608 3160 1649 3224 ab
1670 3160 1785 3222 eodem
1804 3158 1946 3223 Eusebio

348 3262 546 3345 adscriptum
560 3262 670 3327 luisse.

1548 3402 1589 3480 F.
1622 3400 1726 3479 Nan.

407 3799 585 3883 lpsummet
598 3809 720 3862 textum
735 3800 809 3864 libri
825 3802 932 3885 legum
948 3804 1117 3885 regionum
1133 3800 1294 3883 aliquibus
1308 3800 1568 3865 annotationibus
1587 3799 1783 3883 locupletare
1804 3800 1946 3886 benigne

348 3907 491 3990 suscepit
505 3906 712 3969 doctissimus
725 3907 880 3971 Naldeke.
897 3907 998 3971 Notae
1015 3907 1088 3971 illae
1107 3907 1181 3970 imis
1199 3908 1329 3991 paginis
1344 3908 1525 3971 reseruntur
1538 3906 1598 3969 sub
1615 3906 1721 3970 littera
1740 3906 1779 3971 N.
1798 3906 1948 3986 Quatuor
2047 3918 2048 3933 ¹

347 4021 471 4075 tantum
486 4012 539 4076 hic
551 4013 734 4076 exscribere
749 4023 913 4097 praestat:

408 4126 438 4180 1⁰
458 4119 506 4182 De
530 4119 692 4204 Vologese
715 4120 879 4185 Edessena
900 4123 1015 4205 (supra
1037 4124 1190 4205 512-513).
1209 4122 1249 4184 In
1270 4121 1384 4183 lacobi
1404 4121 1567 4185 Edessenr'
1583 4119 1792 4183 Heraemero
1815 4120 1947 4184 ridetur

348 4225 519 4309 designari
540 4226 693 4312 dialogus
722 4228 798 4289 buia
826 4232 995 4313 oppositus
1020 4232 1054 4291 ia
1081 4251 1145 4312 quo
1166 4229 1386 4313 philosophus
1413 4227 1587 4290 Carrensis
1611 4240 1727 4288 contra
1754 4226 1944 4311 Vologesem

349 4331 551 4396 Edessenum
565 4333 825 4396 Bardesanitam
840 4335 960 4397 Fatum
975 4336 1133 4418 defendit
1150 4334 1189 4397 N

406 4444 438 4500 2⁰
454 4440 502 4502 De
517 4449 646 4503 auctore
662 4440 791 4526 Dialogr
808 4444 971 4526 (suprap
989 4444 1070 4524 528).
1087 4441 1182 4505 Nihil
1197 4442 1327 4504 obstare
1339 4452 1445 4524 puto
1443 4462 1522 4523 quin
1538 4440 1713 4502 credamus
1732 4378 1942 4522 Philippum,

346 4544 551 4607 Bardesanis
566 4545 776 4631 discipulum,
793 4569 910 4611 revera
924 4550 1010 4610 bunc
1026 4547 1170 4610 libellam
1186 4550 1419 4630 conscripsisse
1433 4550 1553 4630 quippe
1568 4549 1624 4608 cui
1635 4548 1794 4630 magister
1807 4567 1944 4629 respon·

347 4651 426 4713 dit«
450 4652 605 4737 Ptitrppe
621 4681 635 4712 r
654 4655 745 4736 (inira
765 4657 1213 4736 548,22;564,19et600,10)
1227 4667 1407 4738 postquam
1428 4675 1501 4715 enm
1515 4674 1581 4735 per
1593 4656 1753 4736 primam,
1776 4664 1812 4714 ut
1832 4652 1946 4716 dicere
2047 4640 2048 4651 ἵ

346 4759 499 4833 solemus,
512 4781 691 4843 personam
704 4765 959 4845 grammaticam
974 4763 1138 4824 allocutus
1152 4774 1201 4824 est
1215 4760 1307 4839 (inira
1323 4765 1449 4835 548,20;
1467 4764 1594 4835 564‚15;
1609 4762 1723 4842 600,1).
1741 4758 1781 4821 N.

405 4870 438 4927 3υ
450 4864 498 4929 De
513 4875 616 4930 aetate
631 4867 771 4952 Dialogi.
788 4869 889 4930 AEtas
903 4867 1040 4952 Dialogi
1053 4868 1333 4930 circumscribitur
1344 4889 1432 4928 anno
1450 4868 1518 4945 196,
1532 4888 1596 4949 quo
1612 4866 1788 4949 Septimius
1801 4865 1946 4929 Senarus
2047 4928 2048 4957 ,

347 4986 470 5034 terram
489 5001 540 5042 aa
559 4976 593 5036 in
609 4978 802 5056 provinciae
820 4975 996 5037 Romanae
1014 4979 1159 5057 sormam
1180 4973 1393 5058 redigendam
1414 4975 1542 5036 curarit
1560 4973 1664 5055 (infra,
1684 4973 1806 5054 603‚25)
1827 4986 1859 5035 et
1873 4975 1946 5055 fine
2047 5000 2048 5045 ς

346 5081 478 5161 imperii
488 5080 691 5142 Parthorum
701 5081 769 5161 (224
784 5079 833 5142 vel
850 5082 920 5162 226)
929 5081 970 5143 de
982 5081 1100 5165 quibus
1110 5082 1162 5143 bia
1177 5081 1285 5142 adbuc
1299 5080 1513 5163 regnantibus
1528 5083 1641 5164 agitur
1649 5079 1740 5161 (inira
1753 5080 1891 5162 587,13).
1902 5079 1944 5143 N.
2047 5070 2048 5093 ¹

406 5190 438 5247 4⁰
456 5185 504 5248 Dc
529 5186 631 5248 titulis
655 5186 907 5249 subintroductis
930 5187 961 5249 in
985 5187 1133 5271 Dialogo
1157 5188 1231 5250 Hae
1253 5189 1481 5269 inscriptiones
1503 5206 1615 5249 omnes
1636 5189 1675 5268 (v.
1697 5206 1730 5271 g.
1753 5192 1811 5263 stt,
1832 5197 1943 5261 casm,
2047 5244 2048 5269 ,

347 5295 473 5368 538,12;
490 5307 585 5378 nubat
598 5299 701 5370 risoris}
712 5306 817 5369 mant,
835 5299 945 5369 538,27
961 5298 1033 5375 etc.)
1048 5294 1209 5357 delendae
1221 5307 1307 5355 sunt.
1324 5292 1375 5355 Ab
1388 5296 1459 5375 ipso
1473 5297 1635 5376 scriptore
1649 5315 1714 5355 non
1726 5297 1943 5375 proveniunt,
2047 5302 2048 5327 ¹

344 5400 526 5461 nonnullae
539 5401 644 5482 plane
658 5413 736 5462 sunt
754 5400 931 5462 absurdae.
949 5401 988 5465 N.
1003 5437 1044 5446 —
1060 5400 1125 5464 llas
1140 5400 1365 5483 inscriptiones
1385 5401 1593 5479 servavimus
1615 5401 1682 5476 sad,
1699 5407 1809 5483 utpote
1828 5420 1945 5464 recen·

345 5505 419 5567 tiori
434 5526 529 5568 manu
545 5506 696 5583 adiectas,
714 5507 900 5570 minusculis
916 5508 1155 5572 characteribus
1168 5508 1396 5591 expressimus.

1732 5612 1772 5675 R.
1795 5611 1837 5675 G.
