4132 6466
370 447 446 503 1065
462 489 472 502 .
1044 430 1304 496 PRAEFATIO.

369 602 459 695 aa).
482 602 617 672 Postea
638 596 796 671 Messias
820 596 858 668 in
884 593 1026 667 caelum
1053 606 1262 666 assumetur
1286 604 1324 664 et
1347 592 1481 666 mortni
1506 602 1702 692 resurgent
1726 616 1734 666 :
1760 592 1849 667 iusti
1876 619 1975 692 gan-

371 734 522 818 debant,
550 730 652 830 impii
671 730 868 803 tabescent
884 732 979 821 (xxx,
997 727 1091 819 2-5).

445 863 588 938 Similia
608 863 815 936 referuntur
829 861 868 934 in
882 861 954 933 fine
968 859 1124 933 visionis
1139 858 1185 933 de
1198 858 1264 931 viti
1281 872 1317 932 et
1337 859 1430 932 silva
1449 872 1486 933 et
1505 858 1618 933 fonte.
1638 863 1836 933 Destructo
1853 886 1975 960 regno

371 1010 516 1100 quarto,
536 1022 652 1095 eoque
672 996 816 1079 ultimo,
839 998 917 1067 Deo
937 993 1086 1066 inimico
1107 993 1329 1066 revelabitur
1344 992 1573 1091 principatus
1589 993 1748 1067 Messiae
1767 998 1903 1087 (xxxix,
1925 996 1973 1085 7).

373 1133 532 1209 Ultimus
549 1132 655 1232 regni
672 1128 774 1229 impii
791 1129 864 1201 dux
879 1126 1106 1225 relinquetur
1120 1126 1239 1211 vivus,
1258 1150 1366 1224 quem
1387 1127 1543 1199 Messias
1559 1124 1723 1200 omnium
1742 1126 1977 1226 impietatum

373 1301 476 1350 reum
496 1264 754 1347 condemnabit
774 1279 810 1335 et
829 1259 1236 1358 occidet;·principatus
1257 1271 1379 1332 autem
1402 1259 1560 1332 Messias
1581 1260 1619 1331 in
1639 1260 1828 1333 saeculum
1844 1261 1975 1346 stabit,

373 1411 491 1484 donec
511 1408 785 1480 consummetur
804 1395 962 1467 mundus
988 1392 1237 1491 corruptionis
1259 1396 1329 1484 (xc,
1356 1393 1448 1487 1-4).

447 1539 718 1614 Alitersonant
732 1526 869 1628 placita
885 1526 1046 1599 auctoris
1069 1526 1106 1598 iu
1128 1526 1199 1597 fine
1219 1525 1376 1598 visionis
1398 1525 1443 1598 de
1467 1525 1627 1599 nubibus
1646 1525 1781 1598 lucidis
1802 1540 1838 1599 et
1854 1527 1978 1626 nigris

375 1689 411 1749 et
439 1675 485 1748 de
509 1670 655 1769 fulgure
680 1672 928 1736 corruscante.
956 1658 1129 1753 Quando,
1158 1657 1226 1744 ait,
1251 1658 1325 1731 iam
1354 1672 1457 1733 aetas
1488 1659 1614 1731 mundi
1650 1658 1696 1731 ad
1725 1660 1979 1734 maturitatem

374 1803 601 1908 pervenerit,
625 1796 803 1899 plurimae
830 1791 1148 1893 perturbationes,
1172 1791 1286 1878 bella,
1312 1791 1480 1889 aliaeque
1512 1792 1740 1865 calamitates
1767 1793 1976 1866 instabunt.

375 1945 648 2019 Terraemotus,
668 1931 783 2003 lames
803 1938 909 1999 erunt
935 1927 972 1997 in
995 1940 1112 2012 terra;
1135 1924 1197 2023 qui
1218 1938 1341 1998 autem
1363 1925 1474 1997 hasce
1495 1925 1704 2025 effugerint,
1723 1926 1922 2000 tradentur
1942 1927 1980 1998 in

375 2072 507 2147 manus
532 2065 689 2142 Messiae
715 2067 808 2153 (axx,
837 2060 932 2153 2-9).
959 2062 1073 2131 Terra
1100 2072 1223 2131 antem
1243 2069 1371 2131 sancta
1399 2071 1570 2156 proteget
1600 2059 1796 2157 populum;
1817 2060 1979 2132 Messias

375 2229 462 2278 vero
487 2202 631 2298 aliquos
659 2194 815 2296 populos
837 2192 1054 2276 trucidabit,
1077 2191 1161 2263 aliis
1186 2204 1312 2289 parcet
1340 2192 1578 2288 (cxxi-cxxii).
1607 2194 1738 2265 Postea
1769 2190 1980 2266 considebit

377 2362 489 2437 super
499 2334 672 2408 thronum
682 2353 789 2402 suurn
805 2339 841 2399 et
856 2338 942 2398 tunc
958 2324 1063 2422 quies
1079 2336 1116 2397 et
1129 2324 1378 2422 tranquillitas
1393 2326 1480 2411 erit;
1496 2350 1557 2398 ros
1574 2324 1743 2398 sanitatis
1758 2325 1977 2405 descendet,

376 2473 512 2554 luctus,
530 2468 705 2548 lamenta,
723 2457 923 2533 infortunia
938 2456 1136 2530 cessabunt
1154 2459 1293 2553 (exani,
1317 2459 1404 2550 1-7).
1430 2461 1567 2531 llorum
1582 2470 1780 2531 eventuum
1795 2458 1980 2532 rationem

378 2602 546 2700 assignat
574 2595 731 2670 verbis:
762 2593 832 2665 boc
858 2604 1006 2689 tempus
1035 2614 1117 2662 esse
1145 2590 1499 2664 consummationem
1528 2615 1672 2677 eorum,
1702 2615 1796 2689 quae
1823 2617 1980 2690 corrup-

376 2735 496 2810 tibilia
515 2743 614 2818 sunt,
640 2744 676 2802 et
702 2726 847 2800 initium
874 2747 1014 2809 eorum,
1030 2748 1124 2820 quae
1149 2722 1443 2822 incorruptibilia
1463 2737 1569 2811 sunt;
1592 2724 1744 2823 perinde
1761 2749 1803 2797 ac
1828 2724 1860 2797 si
1886 2725 1980 2798 bea·

377 2867 573 2942 titudinem
589 2861 694 2962 regni
710 2858 886 2932 Messiani
901 2855 1070 2930 adfinem
1086 2856 1213 2929 mundi
1228 2857 1406 2955 posuerit.
1426 2858 1516 2929 Rem
1528 2857 1686 2930 ulterius
1702 2856 1891 2931 discutere
1905 2884 1979 2932 non

378 3013 435 3074 est
450 3023 589 3084 meum;
608 2993 841 3068 manifestum
866 3002 923 3062 est
946 3002 1135 3062 auctorem
1157 2988 1321 3061 lontibus
1342 2989 1614 3087 antiquioribus
1636 3015 1745 3062 usum
1762 3015 1860 3086 esse,
1884 3016 1978 3089 quos

379 3135 501 3232 inepte
520 3127 744 3227 compilavit.
763 3128 838 3197 Nec
859 3147 947 3197 vero
963 3121 1094 3195 exinde
1116 3121 1285 3219 concludi
1306 3146 1417 3221 posse
1436 3122 1593 3196 arbitror
1617 3122 1867 3221 pluralitatem
1889 3149 1980 3197 auc-

378 3281 498 3339 torum
513 3261 802 3361 Apocalypseos.
820 3260 925 3341 Nam,
941 3255 995 3329 uti
1011 3268 1109 3328 recte
1122 3268 1248 3328 monet
1262 3258 1434 3342 Bousset‚
1449 3255 1628 3328 eiusmodi
1640 3281 1791 3354 operum
1807 3269 1979 3331 auctores

376 3394 446 3468 viri
482 3405 585 3466 erant
614 3414 742 3490 parum
776 3386 884 3471 culti,
914 3384 977 3484 qui
1007 3384 1182 3483 operibus
1210 3384 1458 3482 antiquiorum
1492 3385 1550 3457 usi
1582 3398 1686 3471 sunt,
1716 3410 1784 3458 nec
1821 3386 1978 3460 multum

379 3539 552 3601 curarunt
576 3522 886 3597 contradictiones
913 3530 949 3591 et
973 3517 1199 3591 differentias
1221 3517 1391 3603 fontium,
1407 3543 1500 3615 quos
1525 3518 1571 3592 ad
1594 3518 1709 3591 novas
1735 3519 1979 3619 apocalypses

378 3657 650 3760 componendas
669 3666 817 3755 praesto
842 3650 1040 3724 habebant.

451 3796 505 3865 De
526 3788 793 3864 resurreetione
818 3798 1043 3858 mortuorum
1063 3783 1192 3856 eodem
1217 3784 1292 3857 lere
1318 3785 1427 3857 modo
1452 3783 1531 3885 agit
1553 3810 1595 3856 ac
1618 3787 1657 3856 S.
1686 3784 1823 3858 Paulus
1850 3785 1887 3857 in
1909 3789 1976 3883 Ep.

377 3927 424 3999 ad
447 3928 531 4000 Cor.
553 3952 560 3994 :
584 3921 705 4021 pulvis
727 3918 847 3991 reddit
865 3929 1042 4003 mortuos,
1065 3941 1158 4014 quos
1180 3917 1319 4015 recepit
1339 3915 1431 3989 nibil
1456 3917 1654 3991 immutans
1679 3917 1717 3989 in
1736 3917 1857 4017 figura
1876 3917 1978 4016 ipso-

377 4084 458 4132 rum
483 4060 530 4154 (ι,
554 4057 647 4147 2-4).
679 4056 813 4125 Postea
838 4049 1093 4123 immutabitur
1116 4049 1235 4123 forma
1268 4048 1460 4134 beatorum
1488 4052 1525 4123 iu
1552 4049 1708 4148 gloriam
1732 4063 1769 4123 et
1790 4052 1828 4124 in
1856 4051 1977 4126 lumen

379 4190 519 4291 gloriae
551 4192 617 4279 (ur,
650 4187 726 4282 3-5)
757 4198 793 4257 et
824 4183 1002 4256 malorum
1031 4184 1070 4255 in
1098 4183 1375 4256 damnationem
1399 4188 1459 4277 (m,
1491 4183 1585 4280 4·6).
1617 4184 1806 4271 Gentium,
1841 4186 1904 4283 qui
1938 4210 1976 4258 se

379 4349 461 4397 cum
486 4321 624 4395 semine
640 4321 764 4415 populi
783 4317 1058 4403 commiscuerc‚
1080 4316 1173 4422 linis
1186 4316 1311 4390 bonus·
1325 4316 1394 4390 erit
1412 4319 1513 4413 (xcii,
1531 4318 1567 4388 2.
1586 4319 1634 4411 5).
1657 4318 1789 4391 Omnis
1803 4319 1973 4418 populus,

379 4456 441 4554 qui
464 4479 538 4528 non
551 4451 779 4527 conculcavit
799 4450 921 4538 lacob,
939 4449 1037 4523 vivet
1051 4453 1174 4543 (nxxn,
1193 4451 1245 4545 4).
1265 4450 1336 4543 Qui
1352 4474 1440 4523 vero
1455 4450 1490 4522 ei
1505 4449 1714 4523 dominatus
1740 4463 1810 4537 est,
1829 4451 1972 4550 peribit.

379 4588 451 4682 Qui
473 4600 596 4660 autem
620 4584 904 4660 commiscentur
931 4608 1014 4657 cum
1041 4583 1231 4683 gentibus,
1257 4583 1402 4656 etiamsi
1423 4583 1527 4655 initio
1548 4582 1641 4656 bene
1662 4584 1826 4682 egerint,
1846 4598 1974 4683 postea

378 4720 719 4794 condemnabuntur
736 4719 836 4815 (xnn,
852 4719 897 4810 4).

454 4857 495 4926 ln
523 4852 748 4937 universum,
771 4850 946 4924 iudicium
973 4850 1163 4937 Charles',
1183 4849 1245 4946 qui
1273 4848 1587 4947 dicit'doctrinam
1609 4848 1695 4921 libri
1720 4875 1804 4922 cum
1832 4849 1973 4948 placitis

381 4986 598 5060 ludaeorum
622 5008 840 5058 coaevorum
864 4984 1073 5068 convenire,
1099 5008 1225 5055 verum
1247 4995 1321 5068 est;
1347 4982 1433 5054 hinc
1455 4981 1588 5054 mirum
1612 5005 1685 5053 non
1711 4996 1767 5056 est
1791 4981 1972 5082 opusboc

384 5121 421 5192 in
437 5119 614 5193 Ecclesia
641 5142 826 5216 nunquam
853 5130 994 5188 tantam
1018 5115 1277 5188 auctoritatem
1302 5115 1475 5213 adeptum
1507 5139 1603 5202 esse,
1630 5140 1741 5212 quam
1768 5116 1900 5189 librum
1923 5115 1970 5186 lV

380 5253 532 5341 Esdrae,
555 5252 618 5351 qui
640 5250 687 5323 ob
713 5250 894 5323 clementa
916 5249 1095 5348 imprimis
1120 5249 1321 5322 christiana
1348 5248 1442 5321 libro
1469 5248 1522 5319 illi
1544 5225 1708 5321 admixta
1732 5249 1796 5322 diu
1821 5247 1971 5322 maxima

379 5388 416 5459 in
436 5386 670 5474 veneratione
693 5382 908 5456 habebatur.

440 5668 467 5723 1.
487 5660 548 5745 Op.
563 5662 617 5723 cit.
634 5681 666 5743 p.
684 5681 770 5723 cxxi.
