4108 6458
585 535 641 597 DE
664 534 994 600 PERSECUTIONE
1019 533 1214 600 SAPORIS.
1641 550 1700 607 699

105 739 240 811 autem.
253 725 409 824 inquam
422 724 490 797 hae
504 724 644 798 ratione
661 724 828 809 incurrit,
842 723 1004 823 apprime
1020 724 1224 798 illustratur
1238 724 1410 799 methodo
1427 726 1502 813 illa,
1518 754 1592 827 qua
1608 731 1698 804 Cod.

104 862 189 933 Vat.
210 861 344 957 Syrum
369 858 434 929 161
460 869 606 943 tractat,
630 857 692 956 qui
713 883 848 930 annum
875 859 918 930 31
943 856 1093 956 Saporis
1118 858 1274 932 eundem
1296 859 1384 932 dicit
1403 885 1486 933 cum
1512 885 1607 936 anno
1630 865 1700 936 655

104 993 340 1078 Graecorum,
364 990 505 1063 scilieet
530 1014 626 1063 anno
651 991 722 1062 344
747 993 794 1063 D.
822 990 919 1063 Dicit
943 1015 1074 1089 nempe
1103 991 1392 1091 manuscriptum
1414 992 1510 1066 hunc
1537 995 1701 1069 codicem
1795 984 1798 987 ⁵

105 1126 191 1224 (quo
212 1137 321 1197 antea
336 1136 411 1196 tarn
432 1123 624 1223 ingeniose
645 1148 735 1197 usus
758 1136 815 1196 est
837 1124 882 1196 ad
903 1123 1126 1197 assertiones
1147 1148 1234 1197 suas
1250 1125 1487 1223 probandas),
1509 1128 1555 1200 ab
1577 1128 1700 1228 aliquo

103 1256 317 1331 amanuensi
337 1257 506 1330 vitiatum
528 1282 624 1343 esse,
649 1257 802 1356 proinde
827 1256 865 1329 in
888 1255 1154 1355 praeiudicium
1180 1256 1317 1330 codicis
1339 1258 1556 1357 antiquioris
1576 1262 1698 1334 vocari

103 1416 176 1464 non
201 1414 325 1490 posse.
353 1389 547 1463 Assemani
566 1389 718 1489 proinde
744 1401 806 1463 aut
832 1415 904 1462 non
930 1389 1118 1462 debuisset
1142 1389 1193 1463 uti
1214 1391 1339 1463 codiee
1364 1390 1439 1476 illc,
1463 1406 1525 1466 aut
1543 1393 1698 1493 probare

103 1523 293 1597 debuisset
319 1523 543 1596 dillerentias
565 1523 703 1595 codicis
725 1523 834 1596 huius
854 1522 1071 1595 auctoritate
1092 1522 1266 1596 historica
1286 1548 1423 1610 carere,
1439 1526 1537 1625 quod
1556 1538 1698 1601 tantum

103 1657 223 1743 abest,
240 1669 281 1730 ut
296 1682 341 1729 ex
357 1657 437 1755 ipsa
458 1655 526 1729 hac
542 1656 744 1729 recentiore
760 1655 926 1755 Martyrii
943 1658 982 1728 S.
1001 1655 1183 1730 Simeonis
1198 1656 1376 1756 plurimae
1392 1660 1698 1759 exaggerationes

104 1815 320 1889 erroresque
346 1792 421 1877 MS,
435 1788 572 1889 corrigi
595 1788 753 1890 possint,
771 1788 867 1861 sicut
892 1788 985 1861 inlra
1003 1788 1233 1887 probabitur.

83 1951 85 1955 ·
178 1923 297 1997 Etiam
313 1924 470 1996 Amrus⁴
490 1921 587 1997 diem
606 1922 774 2022 martyrii
795 1925 833 1995 S.
858 1922 1041 1995 Simeonis
1057 1922 1153 1995 diem
1171 1923 1214 1994 13
1227 1923 1365 2022 Aprilis
1386 1925 1473 1997 anni
1496 1926 1567 1997 655
1589 1925 1695 2007 dicit;

104 2056 289 2130 consentit
313 2056 435 2154 itaque
455 2081 538 2129 cum
554 2056 825 2155 computatione
846 2058 935 2144 MS,
954 2026 1144 2152 Quaenam
1164 2068 1286 2128 autem
1303 2058 1621 2155 computationum
1644 2059 1694 2131 di·

102 2214 293 2264 versarum
306 2188 451 2262 veritati
470 2189 632 2288 proxime
653 2189 804 2262 accedat
818 2213 864 2262 ex
879 2189 1026 2288 scriptis
1041 2187 1239 2287 Apbraatis
1259 2203 1486 2288 compertum
1508 2192 1698 2266 habemus.

178 2423 215 2493 6.
234 2424 367 2493 Notum
384 2435 440 2493 est
455 2420 680 2520 Aphraatem
691 2452 707 2486 «
719 2420 1060 2494 Demonstrationes
1077 2450 1094 2487 »
1117 2445 1204 2493 suas
1220 2420 1257 2492 in
1274 2419 1366 2493 duas
1382 2421 1546 2496 dividere
1561 2435 1698 2522 partes,

104 2579 171 2653 pro
195 2567 373 2653 tempore,
401 2578 474 2653 quo
501 2553 583 2627 illas
613 2553 787 2626 exaravit.
816 2554 974 2627 Primam
997 2566 1139 2652 partem
1168 2553 1524 2629 demonstrationum
1553 2581 1701 2629 suarum

105 2688 190 2784 (nx)
212 2712 252 2760 se
273 2711 369 2760 anno
387 2687 459 2760 648
482 2687 733 2785 composuisse
753 2686 856 2762 dicit.
876 2688 916 2758 ln
940 2687 1012 2759 fine
1032 2689 1136 2760 Dem.
1155 2685 1305 2761 ultimae
1329 2678 1374 2761 de
1397 2715 1414 2757 a
1437 2688 1554 2762 Acino
1580 2722 1596 2757 »
1622 2689 1697 2762 ait:

103 2826 202 2893 Hanc
217 2824 280 2894 tibi
293 2823 469 2915 epistolem
485 2846 597 2893 mense
611 2824 659 2893 Ab
675 2823 799 2915 scripsi
812 2823 900 2892 noni
913 2826 986 2896 656
997 2822 1201 2905 Alemondri,
1217 2820 1352 2919 quibus
1367 2821 1490 2895 verbis
1504 2822 1702 2895 terminum

105 2954 274 3028 ultimum
299 2954 448 3039 indicat,
467 2979 539 3052 quo
564 2953 905 3027 Demonstrationes
927 2953 1151 3052 compositae
1171 2967 1270 3026 sunt.
1290 2956 1395 3027 Dem.
1422 2981 1510 3041 xxn,
1534 2956 1581 3026 22
1605 2958 1701 3047 (ver-

106 3112 171 3159 sus
188 3086 309 3180 finem)
325 3087 414 3160 dicit
432 3114 440 3158 t
459 3091 633 3160 Sermones
656 3090 735 3160 illos
756 3090 884 3181 vipinti
902 3089 985 3159 dnos
1007 3089 1052 3158 od
1074 3088 1226 3158 ordinem
1245 3089 1373 3180 vipinti
1396 3091 1543 3160 deornm
1569 3091 1703 3161 littero-

106 3246 185 3293 rnm
214 3224 395 3316 composui.
419 3226 534 3293 Decem
561 3222 694 3316 priores
724 3224 869 3293 eaeornoi
898 3245 989 3291 anno
1017 3222 1259 3297 sescentesimo
1295 3223 1555 3315 quadrupesimo
1591 3235 1704 3294 oetaeo

106 3358 208 3447 repni
224 3356 419 3426 Alexandri
435 3356 505 3449 filii
526 3356 682 3449 Philippi
706 3331 906 3440 Mueedcnis,
921 3367 1026 3448 prout
1049 3356 1087 3424 in
1111 3357 1261 3447 ipsorum
1289 3357 1357 3447 fine
1377 3357 1603 3450 subscriptum
1623 3369 1671 3428 est
1692 3384 1702 3428 :

107 3490 283 3559 duodecim
302 3499 415 3559 nutem
443 3489 525 3579 illos
550 3491 749 3582 posteriores
770 3512 863 3559 anno
888 3489 1129 3560 semcentesimo
1159 3490 1442 3581 quinquagesimo
1466 3492 1583 3583 quinto
1606 3493 1705 3581 requi

108 3625 312 3693 Graecorum
332 3634 363 3692 et
381 3625 609 3693 Romanorum
628 3623 756 3694 scilicet
778 3624 879 3714 repni
895 3622 1089 3694 Alemondri
1107 3633 1138 3692 et
1154 3645 1246 3692 anno
1267 3624 1440 3713 tripesimo
1459 3626 1577 3715 quinto
1595 3624 1703 3716 Sopo-

107 3756 171 3826 ris.
195 3753 313 3853 Igitur
329 3753 527 3826 secundam
546 3767 688 3851 partem
698 3753 820 3851 operis
837 3753 1077 3827 eodemanno
1093 3752 1355 3851 exaravitque
1372 3753 1472 3825 iuxta
1488 3756 1565 3841 MS,
1587 3756 1622 3827 S.
1648 3754 1702 3827 Si-

109 3912 217 3960 meon
237 3886 382 3959 occisus
401 3898 471 3958 est.
488 3889 528 3958 ln
543 3887 659 3984 prima
678 3886 907 3959 collectionis
927 3898 1029 3986 parte
1050 3898 1149 3960 certe
1169 3911 1242 3958 non
1262 3885 1381 3983 potuit
1400 3885 1520 3958 adhuc
1539 3886 1639 3984 loqui
1659 3887 1704 3960 de

108 4019 383 4120 perseeutione,
412 4020 449 4092 in
485 4019 599 4092 altera
626 4032 752 4099 ,tamen
782 4019 935 4093 eandem
966 4018 1136 4118 explicite
1173 4031 1434 4092 commemorat
1471 4031 1507 4090 et
1540 4019 1705 4092 eiusdem

109 4153 219 4227 etiam
239 4151 516 4252 chronologiam
536 4151 685 4226 exhibet
704 4153 742 4225 in
761 4154 833 4226 fine
854 4152 1033 4226 Homiliae
1054 4153 1099 4226 de
1123 4151 1255 4238 acino,
1279 4151 1342 4224 ubi
1364 4152 1431 4224 hac
1453 4151 1498 4223 de
1518 4176 1557 4224 re
1577 4151 1630 4224 sic
1650 4152 1706 4225 lo-

110 4286 262 4385 quitur:

183 4423 314 4514 Scripsi
340 4423 401 4491 tibi
426 4423 600 4514 epistolam
621 4423 721 4503 nnnc,
744 4422 930 4505 carissime,
953 4445 1065 4492 nrense
1089 4422 1137 4492 Ab
1161 4445 1253 4491 anno
1279 4423 1352 4494 656
1382 4421 1481 4512 repni
1498 4421 1700 4503 Aleoenndri,

108 4556 178 4648 filii
201 4556 357 4647 Ptitippi
376 4557 568 4627 Macedonis
583 4567 616 4625 et
633 4578 725 4626 anno
747 4559 796 4629 36
820 4556 958 4648 Saporis
981 4557 1072 4647 repis
1089 4577 1221 4647 persae,
1245 4554 1305 4646 qni
1329 4553 1409 4645 fecit
1423 4555 1700 4645 persecutionem,
1722 4528 1725 4531 Δ

109 4712 201 4758 anno
225 4690 342 4781 quinto
363 4700 541 4781 postquem
561 4690 719 4759 ecclesiae
743 4689 877 4758 dirutae
898 4699 989 4770 sunt,
1013 4711 1105 4757 anno
1131 4712 1195 4780 qno
1218 4687 1333 4757 coedes
1359 4710 1486 4777 mopno
1511 4698 1703 4779 martyrum

109 4825 201 4913 [netu
215 4833 263 4892 est
283 4822 318 4891 in
341 4833 429 4892 terro
452 4822 612 4899 Orientis.
625 4834 804 4916 postquam
827 4822 907 4890 boec
926 4846 1000 4891 xxn
1017 4822 1131 4914 capito
1147 4822 1251 4890 iuxta
1267 4822 1398 4891 litteras
1419 4823 1601 4912 composito
1617 4821 1705 4890 olte-

109 4978 187 5025 rnm
202 4966 279 5049 post
299 4956 445 5026 alterum
465 4957 609 5026 exarari
621 4956 648 5023 ².

185 5087 279 5160 Hinc
298 5086 394 5159 clare
416 5088 582 5185 sequitur
600 5087 823 5184 Apbraatem
845 5086 937 5158 duos
955 5097 1107 5158 eventus
1123 5085 1375 5183 distinguere:

186 5221 219 5291 l⁰
238 5219 459 5292 dirutionem
475 5218 725 5305 ecclesiarum,
749 5243 841 5318 quae
857 5218 954 5291 sacta
969 5231 1025 5291 est
1044 5242 1140 5291 anno
1159 5219 1227 5289 651
1251 5219 1491 5303 Graecorum;

180 5354 218 5424 9⁰
237 5352 377 5426 cladem
393 5378 565 5452 magnam
578 5365 814 5453 stragemque
830 5365 1042 5451 martyrum,
1062 5376 1154 5450 quae
1174 5351 1268 5424 lacta
1283 5365 1340 5424 est
1355 5376 1451 5423 anno
1470 5351 1554 5422 656.

168 5586 176 5623 ⁴
195 5582 378 5657 Gismondi,
398 5604 450 5666 op.
468 5586 535 5657 cit,
554 5590 590 5645 19
607 5586 678 5664 (11).

166 5691 179 5729 ²
195 5690 302 5753 Verba
316 5690 392 5752 citat
404 5690 500 5752 ctiam
517 5690 679 5775 Georgius
692 5687 834 5751 Arabum
849 5689 1031 5773 episeopus
1046 5688 1110 5751 vid.
1127 5688 1213 5771 apud
1229 5688 1366 5773 Forget,
1384 5687 1432 5751 De
1448 5690 1511 5749 rita
1526 5699 1556 5747 et
1570 5685 1702 5767 scriptis

110 5796 301 5881 Apbraatr's,
321 5796 464 5871 Lovanii,
487 5801 574 5871 1882,
591 5819 623 5881 p.
643 5803 689 5859 17.
