4132 6466
357 463 433 521 1063
1045 450 1299 517 PRAEFATIO.

360 588 422 690 l·7v
439 615 587 690 aliunde
606 616 799 713 desumpta
819 639 916 701 esse,
935 639 1028 713 quae
1054 629 1216 687 ceterum
1237 639 1305 687 nec
1325 614 1394 687 toti
1411 613 1529 687 tenori
1550 614 1773 714 reliquorum
1794 616 1970 688 Psalmo·

357 777 438 824 rum
466 749 705 835 conveniunt,
732 774 816 821 cum
840 760 963 821 autem
988 746 1139 833 Psalmi,
1171 748 1233 845 qui
1253 747 1426 820 dicuntur
1450 746 1673 835 Salomonis,
1701 748 1774 821 iam
1805 749 1967 822 saeculo

357 885 475 984 primo
503 897 588 956 ante
617 882 806 955 Christum
830 882 900 954 orti
930 881 1017 967 sint,
1041 881 1225 955 sententia
1251 880 1417 967 Charles,
1444 892 1571 979 utpote
1599 907 1751 980 prorsus
1779 881 1962 981 gratuita,

358 1017 463 1090 nihili
479 1016 651 1090 habenda
665 1029 735 1090 est.

432 1152 468 1221 5.
494 1149 741 1248 Apocalypsis
762 1147 905 1221 Baruoh
929 1160 1094 1245 spectata
1116 1146 1196 1220 eius
1215 1146 1399 1246 positione
1423 1147 1519 1220 inre
1540 1147 1718 1221 litteraria
1741 1147 1967 1221 ludaeorum

358 1283 517 1383 pertinet
543 1283 589 1354 ad
613 1281 714 1353 illam
735 1305 887 1379 operum
909 1279 1083 1378 speciem,
1107 1278 1267 1353 indolem
1287 1280 1505 1353 exstaticam
1532 1279 1847 1379 visionariamque
1873 1306 1965 1379 prae

359 1442 398 1489 se
422 1415 630 1502 ferentium,
650 1439 743 1513 qnae
764 1414 913 1487 saeculo
933 1414 1053 1513 primo
1073 1424 1156 1502 ante
1178 1425 1214 1485 et
1233 1424 1319 1510 post
1337 1413 1534 1486 adventum
1555 1413 1627 1486 Dr‘ri
1648 1438 1784 1512 magno
1808 1438 1966 1487 numero

357 1549 584 1646 prodierunt.
611 1547 871 1622 Characterem
898 1546 1128 1620 litteraturae
1150 1544 1260 1618 huius
1283 1559 1381 1619 recte
1406 1545 1582 1618 indicarit
1606 1547 1671 1619 W.
1695 1547 1856 1619 Bousset
1879 1571 1965 1619 eam

361 1709 378 1751 <r
394 1680 561 1754 laicalem
577 1712 594 1747 »
611 1679 775 1778 apellens
788 1683 812 1750 ¹.
830 1660 975 1752 Etenim
990 1692 1155 1777 tempore
1169 1677 1512 1764 Macchabaeorum,
1527 1704 1610 1751 cum
1620 1677 1712 1752 ordo
1726 1680 1967 1753 sacerdotum

248 1908 253 1915 1
359 1839 504 1912 semper
524 1815 768 1912 degeneraret
791 1812 997 1911 summique
1023 1813 1235 1885 sacerdotes
1256 1824 1293 1883 et
1320 1811 1451 1910 reliqui
1471 1836 1660 1884 sacrorum
1684 1811 1845 1884 ministri
1868 1811 1965 1910 pris·

358 1948 471 2020 tinam
501 1945 758 2021 auctoritatem
792 1945 969 2046 paulatim
1004 1943 1272 2044 perdidissent,
1301 1944 1475 2018 salutaris
1503 1945 1683 2044 quaedam
1713 1946 1852 2018 reactio
1880 1958 1967 2018 orta

359 2092 416 2154 est
442 2105 487 2154 ex
512 2092 616 2177 parte
643 2079 746 2178 vulgi
770 2091 887 2152 semet
910 2078 1022 2151 lastui
1044 2078 1186 2151 ordinis
1208 2076 1444 2151 haereditarii
1468 2077 1700 2151 sacerdotum
1722 2078 1964 2177 opponentis,

359 2212 495 2311 quippe
510 2237 604 2309 quos
624 2236 774 2285 munere
795 2212 887 2309 ipsis
902 2211 1102 2284 commisso
1122 2211 1298 2310 indignos
1318 2210 1579 2284 existimasset.
1597 2209 1828 2284 Auctoritatc
1850 2211 1966 2283 huius

363 2356 485 2419 motus
519 2343 747 2443 plebeiorum
780 2344 887 2417 multi
917 2344 1083 2416 homines
1109 2344 1160 2442 pii
1194 2344 1360 2442 quidem,
1389 2344 1454 2418 sed
1484 2344 1531 2442 ad
1554 2343 1689 2443 vulgus
1716 2343 1836 2442 plebis
1871 2337 1967 2417 rude

359 2478 587 2576 pertinentes
617 2502 753 2578 magno
782 2502 864 2551 cum
891 2477 971 2551 zelo
998 2476 1121 2550 studio
1152 2477 1247 2575 legis
1272 2476 1588 2575 speculationique
1615 2476 1849 2575 theologicae
1870 2501 1966 2575 ope-

360 2636 438 2683 ram
458 2611 544 2684 dare
570 2611 796 2709 inceperunt.
823 2611 885 2708 qui
911 2635 993 2683 cum
1014 2621 1141 2683 essent
1161 2609 1329 2683 homines
1350 2610 1460 2683 rudes
1484 2635 1686 2708 parumque
1706 2609 1854 2695 cruditi,
1883 2610 1966 2701 sin-

360 2752 481 2851 gulari
497 2777 579 2825 cum
600 2752 724 2825 studio
740 2775 800 2825 res
818 2752 982 2826 exoticas
1004 2751 1245 2849 insolitusque
1263 2751 1461 2850 captabant
1476 2764 1512 2824 et
1527 2751 1688 2825 visiones
1708 2751 1967 2850 phantasticas

359 2885 663 2983 praetendebant,
686 2884 820 2983 quibus
845 2910 904 2958 res
924 2884 1066 2958 laturas
1093 2884 1165 2957 sibi
1190 2884 1371 2959 revelatas
1395 2910 1478 2958 esse
1505 2885 1782 2958 asseverabant.
1804 2884 1966 2984 Vulgari

243 2987 251 3002 ¹
361 3017 475 3090 indoli
501 3018 662 3092 virorum
690 3017 952 3091 conveniunt«
975 3018 1218 3118 apocalypses
1241 3045 1258 3088 r
1282 3018 1328 3090 ab
1357 3017 1448 3115 ipsis
1479 3032 1663 3103 exaratae,
1693 3042 1787 3116 quae
1819 3029 1967 3091 scatent

359 3150 565 3223 visionibus
578 3150 794 3248 phantasiae
811 3150 1024 3236 indomitae,
1038 3151 1150 3224 rebus
1163 3151 1318 3224 exoticis
1331 3149 1758 3249 contradictionibusque
1773 3148 1964 3224 absurdis.

362 3284 428 3355 His
444 3295 566 3357 autem
582 3308 656 3356 non
675 3283 912 3357 obstantibus
929 3308 1041 3383 opera
1060 3283 1133 3357 ista
1147 3284 1402 3383 apocalyptica
1416 3284 1543 3383 magni
1558 3283 1733 3357 momenti
1752 3296 1857 3369 sunt3
1875 3308 1967 3356 nam

361 3414 505 3489 fidelem
529 3415 638 3489 nobis
663 3415 839 3490 exhibent
860 3417 1060 3516 imaginem
1085 3416 1320 3503 evolationis,
1346 3441 1437 3514 quas
1465 3416 1569 3490 ideae
1595 3416 1739 3515 aliquae
1763 3417 1967 3516 religiosae

361 3549 458 3647 apud
486 3549 641 3651 ludaeos
670 3548 830 3623 subiere.
865 3549 1046 3622 Notabilis
1076 3561 1133 3622 est
1162 3549 1340 3648 imprimis
1369 3550 1491 3637 nisuS,
1521 3550 1583 3648 qui
1608 3551 1646 3622 in
1670 3549 1864 3649 theologia
1895 3550 1968 3624 hac

360 3681 529 3781 populari
562 3681 793 3768 observatur,
823 3682 870 3755 ad
899 3696 1100 3782 conceptus
1129 3683 1370 3770 universales,
1402 3683 1471 3756 sub
1510 3683 1644 3781 quibus
1678 3682 1807 3757 relicto
1836 3708 1968 3757 crasso

347 3815 580 3895 ,ludaeorum
600 3814 895 3912 particularismo
919 3815 1147 3914 problemata
1168 3815 1350 3914 quaedam
1364 3794 1811 3916 theologicapertractari
1830 3841 1969 3917 coepe-

361 3960 458 4021 runt.
482 3950 712 4044 Quamquam
736 3948 895 4045 populus
918 3949 1057 4022 electus
1080 3949 1302 4048 positionem
1326 3975 1430 4022 snam
1454 3950 1654 4023 centralem
1677 3950 1715 4022 in
1737 3950 1969 4048 speculatio-

362 4082 470 4154 nibus
495 4079 596 4152 hisce
618 4080 858 4178 popularibus
886 4106 959 4155 non
984 4081 1120 4169 amisit,
1144 4107 1302 4181 spesque
1326 4082 1512 4156 Messiana
1538 4082 1694 4156 ulterius
1718 4083 1868 4157 evoluta
1891 4098 1965 4171 est,

362 4227 523 4287 attamen
538 4212 718 4286 eiusmodi
740 4213 1011 4311 speculationes
1030 4215 1075 4287 ad
1100 4228 1232 4316 gentes
1247 4220 1367 4312 (utttt)
1383 4241 1528 4314 quoque
1551 4217 1800 4290 extenduntur
1820 4242 1968 4291 eorum·

362 4368 432 4444 qne
455 4344 585 4419 relatio
607 4346 652 4417 ad
670 4346 846 4444 populum
863 4347 1033 4434 electum,
1050 4372 1205 4447 regnum
1226 4350 1465 4435 Messianum,
1486 4348 1736 4449 iudiciumque
1754 4349 1967 4425 universale

362 4480 628 4552 consideratur.

437 4612 502 4684 llis
522 4612 645 4709 itaque
661 4612 821 4685 breviter
840 4613 1054 4711 praemissis
1070 4614 1220 4713 singula
1240 4616 1422 4689 elementa
1437 4615 1627 4688 doctrinae
1644 4615 1843 4714 religiosae
1858 4618 1968 4715 Apo-

361 4746 555 4843 calypsens
571 4746 715 4819 Baruch
730 4746 1015 4844 perpendantur.

435 4880 476 4949 ln
501 4876 687 4951 attributis
721 4878 854 4951 divinis
885 4880 1029 4976 poetice
1059 4879 1313 4954 describendis
1343 4894 1471 4955 auctor
1498 4881 1645 4954 excellit
1670 4881 1733 4978 (ol.
1760 4910 1819 4969 xx,
1848 4884 1964 4967 5-1n;

363 5037 489 5096 xnvru,
512 5010 632 5103 4-10).

410 5143 586 5217 Mundum
601 5158 750 5242 propter
777 5145 961 5219 hominem
983 5160 1148 5220 creatum
1170 5171 1253 5221 esse
1281 5148 1450 5247 explicite
1477 5149 1585 5222 docet
1603 5149 1691 5243 (xiv,
1723 5151 1766 5223 17
1792 5156 1877 5248 sq),
1903 5162 1967 5223 at-

423 5472 448 5524 1.
473 5464 535 5525 Dr'e
543 5464 701 5544 jrtdr'sclre
719 5465 956 5547 Apokalpptr'lc,
980 5465 1099 5541 Berlin,
1125 5473 1212 5541 1903,
1230 5488 1262 5549 p.
1285 5474 1303 5529 8
1324 5488 1372 5551 sq.
1397 5470 1599 5550 Quamquam
1613 5467 1717 5548 ,docto
1745 5468 1818 5531 huic
1836 5468 1908 5533 viro
1929 5472 1965 5534 in

361 5569 511 5632 omnibns
530 5590 594 5632 non
609 5570 780 5645 assentior,
804 5592 866 5632 non
882 5580 989 5653 potest
1007 5572 1120 5655 negari
1145 5594 1218 5635 curn
1234 5573 1373 5635 indolem
1395 5573 1594 5636 litteraturae
1615 5575 1857 5658 apocalypticae
1877 5575 1965 5640 bene

360 5675 533 5740 definiisse.
