4108 6458
295 528 351 592 DE
374 523 646 591 ARGUMENTO
669 523 724 587 ET
745 522 898 587 MUTUA
919 522 1164 588 RELATIONE
1186 523 1507 589 RECENSIONUM.
1641 536 1723 594 679·
1752 541 1756 547 “

102 745 207 815 qurum
231 731 350 803 essent,
371 718 586 789 narrationis
607 716 710 786 etiam
729 716 873 786 caridorc
891 726 923 784 et
947 715 1161 807 ingenuitate
1186 717 1378 786 mavimam
1400 718 1501 809 fidem
1519 722 1629 808 facere
1644 723 1700 791 vi-

103 857 284 926 debantur.
304 857 412 924 Porro
430 852 519 945 quod
543 851 665 920 attinet
683 850 728 919 ad
744 848 906 919 historiae
926 849 1198 940 permonitatem,
1222 872 1310 942 quae
1332 851 1460 920 duobus
1485 851 1575 921 hisce
1597 853 1701 924 Codi-

103 991 197 1058 cibns
212 987 483 1068 continebantur,
504 984 594 1054 unde
619 984 800 1053 materiam
818 1004 949 1053 omnem
965 982 1011 1052 od
1034 983 1213 1053 Volumina
1230 983 1311 1052 haec
1333 983 1701 1078 instruendadeprom·

102 1122 211 1191 simus
238 1146 249 1191 .·
277 1121 445 1189 neminem
473 1140 583 1187 unum
608 1118 696 1187 hanc
720 1116 830 1209 ipsam
858 1118 1045 1186 versionem
1069 1126 1220 1185 nostram
1243 1116 1397 1185 visurum
1417 1127 1593 1208 putamus,
1616 1123 1700 1212 quin

99 1255 261 1346 protinus
285 1252 526 1344 integerrimae
559 1261 592 1320 et
613 1249 900 1341 castigatissimae
926 1249 1139 1318 narrationis
1162 1248 1286 1318 colores
1315 1271 1429 1319 omnes
1455 1250 1701 1341 deprehendat,·

102 1397 303 1457 vetustatem
315 1408 389 1455 vero
401 1384 560 1456 Codicum
573 1383 651 1453 inde
661 1394 848 1475 arpuat...,
860 1383 948 1473 quod
960 1382 1166 1452 characteris
1179 1387 1301 1473 forma,
1314 1393 1414 1475 atque
1426 1384 1538 1476 apices
1550 1395 1582 1454 et
1593 1386 1696 1469 aliae,

102 1544 190 1612 quae
203 1521 380 1612 plurimae
393 1528 577 1611 suppetunt
590 1517 802 1588 coniecturae
820 1516 1039 1586 ducentorum
1058 1517 1276 1608 septuaginta
1291 1539 1397 1607 supra
1416 1517 1512 1588 mille
1529 1542 1700 1589 annorum

105 1664 251 1724 aetatem
270 1654 548 1744 manifestissime
575 1651 698 1720 oleant.
728 1650 769 1720 ld
784 1673 904 1733 vnum,
924 1650 1011 1742 qvod
1035 1650 1090 1720 hic
1098 1650 1330 1742 percommode
1351 1650 1453 1733 cadit,
1483 1661 1513 1720 te
1535 1655 1698 1722 mortitam

105 1787 275 1870 columns,
295 1787 418 1878 ipsam,
438 1785 578 1878 quaein
597 1784 657 1852 hoc
672 1784 791 1854 Codice
803 1786 919 1876 primo
933 1783 1080 1853 occurrit
1094 1783 1332 1853 admirabilem
1351 1783 1386 1853 S.
1406 1784 1573 1854 Simeonis
1589 1785 1701 1877 Styli-

106 1931 161 1989 tae
183 1921 298 2003 citam,
317 1941 410 1988 anno
424 1917 712 1988 Antiochenorum
730 1917 1001 2009 quingentesimo
1014 1916 1177 2007 vigesimo
1192 1915 1316 2008 primo,
1336 1916 1392 1985 dio
1410 1917 1701 2010 decimoseptimo

103 2054 237 2144 Aprilis
261 2053 349 2144 seria
375 2062 499 2145 quarta
525 2060 708 2121 enoratam
742 2051 810 2142 leyi
835 2051 873 2119 in
896 2049 1091 2142 llpiyraphc
1117 2050 1162 2119 ad
1188 2049 1261 2118 eins
1289 2049 1412 2119 calcem
1445 2050 1560 2120 eodem
1594 2074 1701 2122 manu

102 2182 249 2265 adiecta,
268 2204 370 2274 quam
399 2182 568 2273 ioteyram
597 2201 659 2250 suo
682 2180 751 2249 loco
779 2180 948 2249 dabimus.
965 2179 1069 2271 Atqui
1093 2178 1264 2271 Epocham
1289 2178 1533 2248 Antiochenam
1553 2181 1701 2271 11661116-

100 2310 204 2401 yinta
224 2320 347 2402 septem
366 2309 470 2379 annis
492 2309 669 2399 culparem
689 2307 819 2379 Christi
843 2311 966 2377 Aeram
985 2317 1191 2377 antevertere
1213 2329 1267 2376 rcs
1287 2317 1336 2377 est
1355 2309 1509 2378 omnihus
1528 2310 1701 2400 patentis-

99 2445 204 2527 simo,
229 2465 325 2512 nemo
343 2453 521 2536 propterea
545 2442 680 2534 inficias
703 2442 776 2524 ibit,
801 2441 965 2524 Codicum,
989 2440 1117 2532 dequo
1143 2439 1280 2530 ayimus
1302 2462 1393 2509 anno
1412 2464 1435 2509 a
1457 2444 1565 2511 Portu
1593 2442 1701 2535 Virgi-

102 2574 161 2642 nis
196 2569 268 2641 474
301 2595 323 2641 a
351 2572 519 2642 Simeonis
548 2593 626 2640 vero
662 2570 808 2662 stylitae
838 2570 929 2640 obita
963 2567 984 2638 7
1014 2571 1120 2662 sitisse
1152 2568 1423 2660 conscriptum...
1441 2571 1593 2639 Alteram
1624 2593 1701 2641 vero

100 2704 270 2785 Codiccm,
294 2706 354 2775 nbi
370 2715 509 2798 praeter
528 2714 605 2773 arla
635 2706 827 2795 Martyrum
855 2703 892 2771 in
919 2704 1034 2794 priori
1063 2702 1232 2794 descripta
1255 2703 1348 2773 aliae
1369 2703 1459 2771 vitae
1484 2705 1695 2788 inser-untur,

98 2839 228 2930 quique
253 2838 360 2929 plura
389 2839 531 2929 insuper
557 2836 792 2907 additamento
821 2836 978 2918 continet,
1003 2835 1165 2927 penninis
1200 2846 1392 2927 martyrum
1422 2838 1513 2906 Actis
1537 2837 1579 2905 ab
1604 2860 1699 2907 ama·

94 2972 225 3041 ienensi
236 2976 339 3062 sacta
364 2980 402 3040 ut
426 2970 552 3061 legenti
572 2971 749 3054 constabit,
768 2992 975 3062 quamquam
1000 2991 1068 3038 noa
1090 2968 1173 3039 adeo
1193 2969 1393 3059 longaevum
1408 2991 1448 3038 ac
1467 2980 1699 3060 pervetustum

94 3127 169 3174 esse
192 3104 295 3195 (acilo
320 3103 567 3196 intelligamus,
587 3103 743 3174 trecentis
772 3113 883 3172 tameo
905 3102 1087 3173 admodum
1115 3102 1219 3171 annis
1243 3103 1357 3195 priori
1383 3104 1602 3196 posteriorem
1629 3126 1699 3174 csse

94 3239 311 3306 characteres
331 3237 398 3329 ipsi
411 3236 624 3329 apertissime
642 3247 860 3307 commonent.

167 3367 274 3441 Alter
288 3367 415 3455 codex,
442 3366 548 3466 plura
567 3395 585 3438 1
609 3366 893 3441 additamenta»
916 3366 962 3440 ab
977 3367 1192 3441 amanuensi
1210 3366 1307 3439 iacta
1326 3367 1531 3453 continens,
1550 3371 1697 3441 661116-

90 3501 165 3574 dex
191 3500 364 3598 Syriacus
385 3500 480 3574 Bibl.
503 3499 703 3573 Vaticanus
734 3501 815 3585 161,
835 3500 897 3599 qui
922 3526 944 3572 a
966 3500 1101 3599 priore,
1124 3478 1379 3599 antiquissimo
1398 3542 1448 3555 -
1468 3499 1604 3573 Codice
1625 3502 1695 3597 Sy·

87 3634 192 3706 riaco
229 3631 321 3704 Bihl.
355 3635 440 3708 Vat.
475 3634 797 3707 160-66166116
834 3632 968 3720 differt,
998 3647 1178 3730 quatenus
1211 3645 1356 3732 praeter
1382 3634 1474 3707 Acta
1503 3632 1540 3705 in
1569 3632 1694 3706 codice

85 3764 298 3864 antiquiore
327 3777 499 3839 contenta
523 3766 730 3840 orationem
754 3766 1016 3866 panegyricam
1038 3766 1075 3839 in
1100 3766 1227 3839 laudes
1258 3769 1457 3865 Martyrum
1484 3764 1630 3838 exhibet
1657 3779 1694 3839 et

89 3897 311 3997 martyrium
328 3900 367 3971 S.
382 3898 564 3973 Simeonis
577 3899 614 3971 in
632 3899 846 3973 recensione
860 3899 931 3971 alia
946 3898 991 3971 ab
1006 3898 1082 3986 illa,
1099 3924 1207 3997 quam
1222 3899 1260 3971 in
1276 3898 1411 3972 Codice
1420 3901 1506 3972 Vnt.
1524 3900 1606 3995 Syr.
1624 3899 1692 3972 160

86 4032 267 4133 legimus,
285 4030 407 4105 hahet.
427 4033 603 4131 Martyria
616 4058 704 4106 vero
725 4033 864 4131 reliqua
883 4032 921 4105 in
935 4046 1090 4130 utroque
1110 4032 1237 4106 codice
1252 4031 1380 4106 eadem
1394 4030 1470 4105 1616
1488 4044 1586 4104 6661.
1608 4031 1692 4105 Col·

87 4165 204 4240 lectio
226 4178 347 4238 autem
366 4176 443 4238 tota
463 4165 500 4238 in
525 4166 650 4239 codice
672 4178 829 4265 utroque
849 4179 1021 4239 contenta
1038 4208 1088 4221 —
1105 4178 1249 4265 praeter
1268 4164 1472 4238 orationem
1490 4164 1690 4264 panegyri-

87 4324 173 4372 cam
197 4297 325 4396 utique
343 4308 380 4371 61
398 4299 612 4398 martyrium
633 4302 671 4372 S.
695 4299 947 4373 Simeonis-
966 4300 1159 4373 manifeste
1179 4298 1287 4371 unius
1308 4298 1377 4371 viri
1401 4322 1494 4397 opus
1520 4310 1587 4371 est.
1611 4301 1689 4370 Hoc

86 4430 223 4530 probat
245 4429 484 4530 chronologia
504 4431 777 4531 martyriorum,
796 4458 888 4532 quae
912 4402 1014 4507 1111116
1046 4458 1161 4506 66666
1192 4460 1209 4503 a
1237 4430 1541 4532 persecutionis»
1564 4456 1688 4505 66166-

85 4577 233 4648 rantur,
257 4562 341 4662 styli
363 4563 576 4651 similitudo,
600 4565 760 4638 narratio
780 4566 962 4640 rhetorica
984 4564 1262 4666 evagationibus
1278 4564 1447 4639 oratoriis
1472 4565 1688 4664 saepissime

84 4707 270 4797 1161161116,
287 4709 395 4794 atque
416 4697 585 4798 epilogus
600 4698 828 4787 collectionis
844 4714 928 4800 post
948 4703 1040 4773 Acta
1062 4699 1308 4795 'Akkebsmae
1327 4698 1483 4798 positus,
1495 4699 1556 4796 qui
1574 4711 1688 4771 161616

84 4829 345 4904 collectionem
366 4828 433 4902 suh
459 4831 599 4904 ratione
623 4831 775 4904 unitatis
801 4834 1008 4907 considerat
1027 4858 1178 4931 eamque
1200 4846 1241 4905 ut
1265 4858 1357 4931 opus
1384 4831 1491 4904 unius
1517 4831 1585 4903 viri
1605 4858 1687 4930 sup-

85 4963 207 5063 ponit.
228 4965 326 5036 Haec
350 4963 497 5061 quidem
520 4964 688 5037 hocloco
710 4965 861 5040 innuere
882 4967 1026 5053 sufficit,
1045 4967 1192 5067 singula
1211 4965 1363 5039 16161166
1388 4978 1632 5065 exponentur3
1656 4966 1686 5038 si

83 5109 213 5169 antem
232 5120 290 5168 res
311 5095 362 5168 116
381 5120 420 5169 66
443 5097 589 5184 habeat,
608 5097 705 5172 61116
729 5100 845 5171 611161
864 5100 1044 5198 quaestio,
1060 5101 1142 5200 quis
1163 5101 1272 5174 suerit
1296 5112 1424 5173 auctor
1443 5098 1683 5185 collectionis,

84 5252 272 5329 quaenam
288 5227 325 5299 in
344 5254 388 5301 66
402 5231 576 5329 martyria
596 5245 770 5306 contenta
788 5233 945 5305 suerint?
960 5234 1129 5307 Secunda
1152 5232 1331 5331 imprimis
1353 5234 1518 5332 quaestio
1534 5258 1599 5330 pro
1618 5258 1687 5304 no-

86 5375 167 5435 stra
182 5385 223 5434 re
237 5361 384 5433 maximi
397 5365 572 5438 momenti
589 5378 664 5451 cst;
682 5365 727 5439 ab
744 5367 811 5438 hac
826 5365 922 5437 enim
938 5365 1053 5440 altera
1066 5368 1212 5466 pendet,
1232 5366 1415 5465 quodnam
1430 5365 1687 5464 Martyriorum

86 5495 249 5568 duorum
263 5495 301 5566 S.
321 5495 501 5569 Simeonis
514 5523 598 5596 pars
615 5499 806 5599 integralis
822 5494 1049 5574 collectionis
1064 5501 1295 5587 1661116666
1312 5501 1420 5573 ctiam
1436 5513 1594 5597 16161166,
1616 5526 1686 5597 quo

87 5626 310 5726 martyrium
329 5627 399 5701 hoc
418 5630 665 5731 conscriptum
689 5646 757 5722 cst,
778 5633 855 5706 arui
873 5634 1020 5733 poterit,
1040 5659 1083 5708 611
1102 5633 1248 5708 16616116
1268 5633 1438 5708 6116111161
1457 5632 1689 5732 chronologi·

86 5760 198 5835 eisin
215 5759 297 5834 aliis
318 5760 545 5838 collectionis
564 5766 729 5864 partibus
746 5768 939 5843 contentis.
