4122 6472
348 453 424 511 1391
707 436 1054 506 APOTELESMATA
1075 436 1306 501 Al’OLLONll
1329 432 1583 499 Tl'ANENSlS.

346 585 467 655 ὄπισθεν
490 595 542 654 τοῦ
570 588 757 678 κατόπτρου.
787 580 843 658 Εἰς
871 574 907 648 δὲ
935 585 992 654 τὴν
1011 576 1078 669 ὄψιν
1105 579 1218 662 αὑτοῦ,
1241 577 1371 652 ποίησον
1394 579 1476 643 ἑπτὰ
1503 579 1629 661 βούλοιτ,
1656 600 1708 642 και
1696 568 1830 653 πήξας
1852 572 1943 651 αὐτὲις

346 713 377 776 ἐν
402 712 498 797 α’ντῷ,
527 736 588 805 γρα
569 706 645 799 aidau
674 710 761 774 κατὰ
782 706 856 798 μίαν
891 705 1007 789 βούλαν
1032 712 1137 770 ταῦτα
1162 698 1205 770 τὰ
1229 705 1392 794 μυστήρια
1422 701 1589 794 Αἰσχροορ,
1617 700 1797 858 Ὀλααχὰρ,
1830 701 1884 765 Γ
1855 725 1939 790 αμες

344 836 478 929 Φάραις,
499 835 635 917 Melta,
659 832 809 925 Σκαρθὰς,
826 829 976 924 Χαγροίμ.
998 827 1086 896 Εἰσὶν
1109 821 1169 895 δὲ·
1162 827 1214 896 καὶ
1236 828 1265 893 οἱ
1283 836 1476 920 χαρακτῆρες
1499 824 1582 893 οὗτοι
1606 851 1656 903 ους
1682 823 1808 918 dpiqu.

407 1074 453 1131 14.
475 1069 534 1131 llic
548 1069 679 1131 veniunt
693 1087 749 1128 sex
765 1065 932 1147 sequentia
946 1065 1064 1148 signa:

705 1195 1584 1673 9999

342 1847 427 1906 sunt
446 1846 530 1931 pust
553 1846 700 1931 tergum
725 1831 876 1931 speculi.
904 1834 944 1902 ln
970 1828 1068 1901 illius
1093 1828 1199 1913 laeie,
1222 1827 1278 1899 lac
1299 1840 1441 1926 septem
1464 1824 1584 1898 bullas
1604 1836 1640 1899 et
1662 1823 1775 1924 infige
1795 1823 1878 1896 illas
1901 1823 1937 1895 in

341 1957 543 2056 speculum.
571 1961 622 2059 ln·
637 1981 856 2053 unaquaque
883 1952 983 2027 bulla
1013 1952 1133 2026 scribe
1161 1953 1251 2025 haee
1282 1950 1458 2049 mysteria
1486 1977 1493 2020 :
1521 1949 1714 2034 Aischrur‚
1743 1949 1932 2037 Olasohar,

341 2084 491 2165 Gaures,
528 2081 699 2163 Pharais,
736 2079 939 2164 Meththas,
975 2076 1168 2162 Soarthas‚
1206 2075 1405 2173 Clragrarn.
1435 2078 1553 2147 Notae
1588 2074 1699 2148 etiarn
1731 2088 1816 2147 suut
1848 2073 1935 2147 haec

339 2230 432 2305 quae
451 2206 601 2278 vides...

978 2399 1288 2412 m

412 2622 548 2696 Ultima
568 2621 630 2693 illa
652 2632 826 2717 excerpta
845 2620 929 2712 (col.
955 2620 1047 2691 1388
1068 2619 1114 2691 ad
1139 2620 1244 2714 1391)
1261 2619 1298 2691 in
1321 2618 1448 2723 codiee
1467 2622 1500 2691 Α
1520 2620 1629 2711 (unde
1653 2621 1769 2694 codex
1789 2625 1833 2713 1))
1856 2635 1933 2694 tan-

336 2760 413 2819 turn
437 2758 630 2819 servantur
652 2757 688 2818 et
713 2744 759 2817 ad
782 2769 874 2842 opus
894 2743 1080 2843 Apollonii
1105 2744 1262 2818 sortasse
1294 2769 1366 2818 non
1392 2744 1589 2842 pertinent.
1616 2744 1802 2838 Quiuimo,
1841 2745 1934 2818 siout

335 2869 549 2943 invenitur:
577 2857 675 2968 Ἀρχὴ
702 2883 763 2940 τῶν
788 2873 1048 2965 ἀποτελεσμάτων
1075 2856 1286 2941 Ἀπολλωνίου
1312 2876 1432 2963 (supra
1456 2868 1524 2942 col.
1553 2870 1659 2955 1374,
1688 2868 1713 2940 l.
1745 2870 1802 2963 17)
1830 2870 1933 2943 initio

334 3007 456 3068 textus
481 2993 667 3093 Apollonii
695 2994 733 3066 in
755 2993 881 3066 codiee
907 2995 958 3079 A;
986 2993 1192 3066 invenimus
1219 2992 1342 3079 etiam,
1370 2992 1408 3065 in
1436 2993 1564 3066 eodem
1591 2994 1717 3068 codice
1739 3022 1747 3065 :
1771 3000 1849 3093 ἀρχὴ
1873 3013 1934 3068 τῶν

258 3124 261 3132 “
333 3123 595 3215 ἀποτελεσμάτων
611 3122 741 3213 (supra,
762 3118 832 3191 col.
856 3120 963 3204 1388,
978 3118 1004 3189 l.
1022 3118 1057 3211 9)
1073 3117 1149 3190 lere
1163 3117 1268 3190 initio
1284 3117 1381 3190 illius
1396 3118 1512 3217 partis
1528 3142 1621 3215 quae
1636 3118 1741 3193 deest
1755 3119 1792 3191 in
1809 3120 1932 3193 codiee

336 3246 378 3315 B.
401 3242 505 3316 Unde
529 3243 591 3315 illa
619 3267 704 3341 pars
731 3243 777 3315 ab
801 3243 873 3315 alio
894 3241 994 3314 loute
1020 3241 1145 3314 forsan
1170 3241 1302 3314 hausta
1323 3254 1392 3315 est.
1416 3241 1520 3315 lllam
1538 3255 1664 3316 tamen
1685 3242 1822 3342 publici
1842 3244 1932 3317 iuris

333 3366 486 3440 lecimus
506 3367 592 3465 quia
611 3392 723 3466 opera
747 3365 849 3439 illins
874 3365 1019 3465 magica
1043 3390 1088 3438 ex
1113 3365 1423 3464 appellationibus
1445 3368 1633 3465 (ὀνομασίαι)
1658 3367 1767 3440 etiam
1787 3393 1931 3468 proruu-

334 3504 422 3562 nant
444 3491 551 3575 sicut,
576 3491 661 3563 licet
681 3516 754 3563 nun
775 3489 844 3563 sub
865 3491 993 3564 eadem
1012 3491 1169 3578 ratione,
1191 3490 1366 3589 inprime
1385 3505 1503 3590 parte.

410 3614 482 3687 Sed
502 3613 628 3686 lolium
648 3639 807 3712 sequens
831 3614 908 3711 (fol.
931 3615 1014 3707 249)
1035 3615 1083 3687 ad
1102 3614 1379 3714 Apotelesruata
1393 3615 1581 3713 Apollonii
1601 3630 1700 3690 certe
1720 3642 1793 3691 non
1819 3617 1931 3717 perti·

335 3752 410 3812 net.
428 3741 520 3811 Narn
539 3740 663 3837 agitur
682 3764 756 3811 raon
776 3738 821 3812 de
841 3738 1163 3838 appellationibus
1185 3738 1250 3813 sed
1274 3739 1319 3813 de
1338 3740 1628 3838 proprietatibus
1648 3741 1855 3841 plantarum
1875 3741 1931 3816 vel

336 3855 565 3936 animalium*
588 3862 632 3936 de
651 3887 745 3935 novo
767 3863 925 3960 quodam
945 3863 1132 3936 divinandi
1158 3863 1368 3948 methodo²‚
1392 3878 1428 3937 et
1449 3865 1494 3938 de
1517 3866 1740 3963 proprietate
1764 3867 1931 3940 draconis

335 3987 546 4061 caelestis³.

395 4307 422 4362 l.
445 4298 485 4361 Τὸ
512 4298 621 4380 ἱρίγγιον
648 4322 677 4358 το
705 4299 824 4379 βατάνιον
854 4299 1065 4381 τιριαπτόμενον
1106 4132 1212 4503 ᾧ
1244 4302 1460 4382 (ρρινετισμόνῗ)
1482 4300 1601 4377 ἒμποίιι,
1627 4301 1881 4379 καταπλαττόμενον
1903 4303 1929 4361 δὲ

332 4409 450 4490 διαρόρτι
464 4407 583 4486 ἔμμηνα.
601 4405 724 4469 Deinde
739 4407 898 4468 habentur
912 4404 945 4467 in
960 4406 1070 4468 codiee
1236 4408 1376 4491 quinque
1391 4406 1446 4469 illa
1460 4407 1579 4491 signu
1572 4429 1579 4442 ·

694 4574 1612 4899 >stuprat

391 5040 420 5095 2.
445 5032 654 5115 Ποηοοννὶντῇ
673 5032 808 5112 pannulo
827 5031 930 5099 ualli(
949 5028 1127 5110 μίσοναῦτοῦ
1143 5030 1244 5112 χύτραν
1263 5031 1368 5107 καινήν,
1389 5032 1524 5111 ἀγάνωτον
1551 5031 1621 5093 κατὰ
1641 5034 1770 5114 κιραλης,
1794 5035 1841 5096 καὶ
1861 5034 1925 5095 tant

330 5152 457 5208 μιηιῃιξ
476 5139 613 5221 (ποτήριον
619 5141 644 5220 l)
669 5137 808 5198 ὑίλινον’
794 5138 846 5197 απὸ
866 5137 995 5214 καμίνου,
1019 5140 1065 5198 καὶ
1086 5137 1191 5209 πλησας
1210 5137 1313 5211 ὕδατος,
1338 5139 1383 5199 ἐπί
1375 5161 1429 5219 ιχιι
1452 5139 1507 5198 ἄνω
1529 5143 1609 5200 αὐτοῦ
1628 5140 1718 5201 ἰλαίου
1744 5141 1884 5221 ὀλίγον,
1866 5165 1928 5223 αχρι

327 5252 465 5328 σκιτασθῇ
480 5246 509 5306 τὸ
522 5245 604 5327 ὕδωρ,
622 5236 680 5305 εἶτα
698 5244 823 5327 βρίρος
806 5243 915 5325 αρρινῆ
933 5244 1008 5319 talu,
1023 5250 1059 5313 ὡς
1072 5246 1137 5304 ἐτῶν
1155 5243 1220 5304 δέκα
1239 5247 1350 5326 ἄρθορον
1367 5244 1460 5306 ludelau
1475 5246 1582 5308 κάθισον
1602 5247 1674 5308 ἔνδον
1694 5253 1740 5309 τοῦ
1755 5251 1846 5309 andron
1860 5247 1927 5310 ὥστε

327 5360 391 5437 δρῖν
405 5354 476 5415 κατὰ
491 5353 623 5420 ἀνατολὰς
636 5352 683 5413 καὶ
697 5354 727 5411 τὸ
739 5351 815 5429 ὄμμα
830 5352 901 5432 ἔχειν
916 5352 959 5411 tat
972 5350 1021 5424 τὴν
1036 5352 1175 5434 χύτραν..

386 5469 415 5523 3.
438 5462 534 5523 Ἔστιν
550 5460 578 5520 δὲ
597 5459 643 5519 καὶ
661 5459 748 5538 ἕτερος
769 5460 876 5538 οὐρανὸς
893 5458 1032 5539 λεγόμενος
1047 5459 1179 5540 ἄναστρος
1194 5458 1238 5519 διὰ
1252 5458 1282 5519 τὸ
1296 5458 1334 5538 μὴ
1356 5460 1426 5542 ἔχειν
1449 5462 1573 5543 ἀστέρας.
1588 5456 1686 5524 Ἔστιν
1701 5463 1730 5524 dl
1745 5463 1794 5543 plu
1808 5465 1836 5523 dv
1856 5466 1926 5546 αὐτῷ

327 5570 412 5648 ἀστὴρ
431 5559 476 5641 εἷς,
497 5567 586 5645 ὅμοιος
603 5565 723 5648 ὅριως...
742 5563 866 5627 Deinde
884 5564 948 5646 (lol.
971 5570 1030 5627 249
1049 5568 1095 5645 9.)
1115 5565 1203 5629 venit
1219 5586 1227 5627 2
1245 5565 1342 5629 Liber
1360 5566 1557 5650 Kyronl'dt's.
1576 5567 1623 5632 De
1638 5569 1752 5633 ulllmo
1772 5570 1828 5634 illo
1843 5570 1924 5634 libro

327 5675 436 5737 confer
452 5673 558 5737 Hevue
570 5671 629 5735 dea
645 5654 769 5735 drudes
780 5691 950 5755 ἔνθερμον,
970 5676 1057 5748 1994,
1074 5694 1107 5756 p.
1121 5678 1191 5737 335.
