4122 6472
339 473 415 532 1383
696 460 1042 527 APOTELESMATA
1063 461 1294 526 APOLLONII
1318 459 1571 526 TYANENSIS.

336 635 399 702 ἀπὸ
416 639 532 712 παντὸς
557 632 699 724 αἰσχροῦ,
723 632 864 698 ἱκετεύων
888 631 942 697 τὸν
966 621 1151 724 δημιουργὸν
1173 623 1280 697 λαύεῖν
1306 633 1379 723 ὅπερ
1402 624 1439 696 ἂν
1462 629 1566 715 αἰτῇς.
1589 627 1659 697 Καὶ
1681 629 1750 725 περὶ
1775 624 1809 700 δὲ
1828 631 1936 726 θηρίων

336 757 388 827 καὶ
410 755 618 839 barbarismis
643 760 713 848 περὶ
741 761 849 848 ἐτίρων
871 768 964 822 τινῶν
990 755 1188 846 ἀποτέλεσμα
1212 779 1243 821 τι
1268 755 1367 857 θέλων.
1387 764 1525 840 ποιῆσαι,
1538 757 1667 849 ἀνάφερε
1685 753 1742 833 τὰς
1768 762 1935 849 ὀνομασίας

336 893 400 952 τῶν
430 888 514 976 ὡρῶν
542 890 601 959 τῆς
632 882 837 971 ἐπιλαχούσκς
863 882 978 972 ἡμέρας
996 884 1048 946 καὶ
1075 890 1197 973 καιροῦ·
1219 877 1275 945 καὶ
1304 880 1392 973 εὔχου
1418 881 1448 945 ἐν
1473 879 1595 973 καθαρᾷ
1621 873 1791 957 συνειδήσει
1817 895 1932 969 ταῦτα,

336 1006 575 1104 προγνρνασθεὶς
598 1006 627 1072 ἐν
644 1004 771 1092 νκστιίορ
786 1004 903 1098 ἡμέρας
922 1006 973 1097 μ’.

410 1221 497 1314 Εύχὴ
528 1228 566 1297 ἣν
595 1219 708 1314 ὀφείλει
736 1224 835 1312 λέγειν
862 1217 878 1286 ὃ
906 1223 1025 1311 ριίλλων
1049 1243 1082 1285 τι
1114 1227 1286 1311 στοιχειοῦν
1317 1223 1397 1310 μετὰ
1432 1209 1560 1311 καρδίας
1586 1217 1719 1314 καθαρᾶς
1750 1225 1803 1286 καὶ
1832 1246 1936 1287 συντε·
1961 1224 1976 1275 5

337 1352 513 1440 eaustus·

411 1550 585 1642 Εὐλογητὸς
622 1544 666 1636 εἷ,
699 1544 725 1614 ὦ
753 1547 829 1634 θεὸς,
852 1545 907 1614 καὶ
939 1551 1139 1641 εὐλογημένοι
1179 1548 1216 1614 τὸ
1246 1551 1343 1639 ὄνομά
1373 1571 1441 1631 σου,
1465 1552 1563 1621 καὶὴ
1596 1553 1844 1642 μεγαλοπρέπεια
1870 1574 1934 1616 σου.

336 1676 512 1769 Μεγαλύνω
539 1672 593 1741 καὶ
621 1673 698 1740 αἰνῶ
720 1671 776 1740 καὶ
801 1663 922 1752 δοξάζω
948 1697 980 1739 σε
1006 1678 1060 1739 καὶ
1086 1673 1123 1740 τὸ
1145 1676 1327 1765 ὑπεράρχιον
1352 1670 1446 1764 ὅνοριοί
1471 1696 1525 1738 σου
1548 1678 1586 1738 τὸ
1609 1669 1643 1738 ὂν
1664 1672 1706 1751 είς
1727 1673 1798 1752 τοὺς
1822 1676 1937 1751 αἰῶνας

338 1808 401 1866 τῶν
420 1806 549 1866 αἰώνων·
578 1798 614 1865 τὸ
635 1798 688 1865 σὸν
712 1795 772 1891 γὰρ
798 1797 894 1889 ὄνομα
916 1796 1036 1891 φρίττει
1056 1793 1105 1864 σἰιὶ
1130 1801 1149 1870 ἡ
1173 1797 1294 1888 πύρινος
1323 1792 1470 1889 στρατιὰ,
1493 1788 1533 1863 bt’
1561 1800 1656 1865 αὐτοῦ
1675 1803 1728 1864 καὶ
1753 1804 1773 1873 ἡ
1795 1797 1938 1864 θάλασσα

337 1929 520 2018 ὑποστρέφει
546 1921 601 1992 καὶ
625 1929 642 1989 ὁ
669 1921 778 2015 κοοφύς
799 1926 918 2017 εύλογεῒ
947 1947 995 2009 σε,
1014 1919 1067 1989 καὶ
1091 1925 1152 1986 τοῖν
1181 1922 1196 1986 ὃ
1226 1921 1291 2011 ἔχει
1316 1923 1410 1994 τνοήν
1433 1921 1472 1988 τὸ
1502 1922 1555 1988 σὸν
1582 1919 1679 2014 ὄνομα
1712 1927 1860 2015 ὁμολογεῖ
1886 1920 1937 1988 καὶ
1965 1936 1993 1987 to

338 2226 413 2263 σεται
436 2201 568 2284 Θησαυρὸν
590 2203 618 2261 ἰν
638 2205 672 2281 τῇ
694 2207 739 2283 γῇ
758 2203 794 2262 Ol
817 2198 869 2281 tlt
892 2200 968 2283 sopri
992 2198 1148 2282 ᾶτίκρνψοιν
1168 2200 1268 2268 ταύτας
1287 2203 1323 2268 ὣς
1346 2200 1482 2280 θησαυρὸν
1509 2202 1536 2260 ἐν
1558 2204 1591 2281 τῇ
1611 2205 1647 2283 γῇ
1669 2199 1715 2261 καὶ
1739 2202 1819 2280 ivs}
1842 2200 1938 2282 κορδίφ

337 2311 436 2385 «aar,
461 2310 527 2370 διότι
547 2311 574 2369 ἐν
598 2309 690 2377 αὐτοῖς
715 2313 822 2386 πνεῦμα
843 2306 936 2390 σοφίας
956 2306 1065 2371 ἐστὶ...
1088 2305 1134 2367 καὶ
1158 2306 1228 2385 μετὰ
1250 2310 1303 2367 τῶν
1324 2310 1401 2387 ὡρῶν
1424 2309 1477 2367 τῶν
1506 2309 1630 2388 ἀνωτέρω
1656 2307 1850 2387 γεγραμμίνων
1874 2308 1937 2368 ἀτί·

337 2415 447 2477 τίλεσον
471 2415 728 2493 irmbirgam...
753 2412 899 2494 Γιγνοίσιιω
919 2413 960 2474 ύτι
982 2412 1135 2495 ἀνθρωπίνη
1157 2412 1234 2496 φύσις
1254 2417 1368 2474 ἐνταῦθα
1385 2417 1415 2474 ού
1435 2412 1521 2493 με’νει,
1543 2414 1603 2473 ἀλλ’
1626 2414 1653 2474 ίν
1677 2414 1751 2495 ἄλλῳ
1771 2414 1867 2496 κόσμῳ
1886 2437 1939 2474 το-

340 2521 445 2604 ρεύιτοι
464 2521 549 2600 vilui
570 2520 648 2603 σοφία
669 2522 716 2582 καὶ
736 2520 877 2604 ίφσνίροιιν
900 2521 952 2580 τινὶ
971 2521 1058 2601 τύκνιρ
1076 2524 1142 2599 ἐμοῦ
1164 2520 1232 2580 διότι
1245 2519 1312 2600 ύτίρ
1332 2522 1442 2602 χρυσίον
1466 2520 1513 2581 καὶ
1534 2521 1607 2582 λίθον
1625 2521 1714 2599 τίμιον
1736 2520 1899 2603 τιμιωτέρα·
1913 2524 1939 2582 ἐν
1990 2600 1994 2614 ρ

344 2629 386 2689 σοὶ
405 2629 432 2689 il
450 2627 526 2698 δείξω
546 2628 624 2710 χάριν
645 2632 692 2689 τοῦ
715 2631 850 2703 διαμεῖναι
870 2629 901 2687 τ“ο
918 2627 1087 2706 μνημόσυνόν
1111 2650 1163 2705 μου
1186 2627 1240 2687 ert.
1256 2625 1342 2688 Illae
1358 2626 1462 2689 borae
1479 2625 1608 2688 dierum
1623 2626 1813 2690 benedictae
1826 2638 1906 2689 suut
1918 2649 1940 2688 a
1965 2633 1993 2683 15

339 2733 421 2797 Deo.
439 2734 479 2797 lu
499 2737 591 2797 omui
606 2754 684 2817 ergo
705 2754 804 2817 opere
822 2731 913 2816 quod
922 2734 1071 2816 perficis,
1091 2753 1189 2795 serua
1207 2734 1286 2795 illas
1303 2735 1390 2794 sicut
1409 2744 1564 2795 servatur
1580 2733 1757 2796 thesaurus
1776 2736 1810 2795 in
1834 2746 1937 2796 terra.

339 2840 497 2904 Homines
523 2860 669 2925 namque
691 2842 867 2924 sapientes,
892 2841 979 2902 sieut
999 2839 1177 2902 thesaurus
1203 2838 1417 2902 absconditur
1438 2842 1474 2902 iu
1498 2853 1603 2919 terra,
1624 2842 1671 2902 ita
1696 2840 1941 2904 absconderunt

340 2947 418 3010 t'llas
432 2949 467 3009 t'u
485 2948 582 3009 corde
595 2968 658 3009 suo
673 2959 706 3010 et
720 2960 797 3031 post
815 2947 918 3009 boras
931 2966 1038 3029 supra
1050 2948 1196 3029 scriptas
1208 2948 1341 3029 operati
1356 2959 1434 3008 suut
1449 2959 1566 3009 sortes.
1580 2946 1652 3028 Ego
1669 2959 1780 3010 autem
1796 2949 1864 3010 σοῖο
1879 2949 1939 3009 Ιιιι·

340 3074 474 3117 martam
490 3066 648 3117 naturam
663 3055 716 3116 lu’c
734 3074 801 3116 nou
814 3072 951 3116 manere
965 3064 997 3116 et
1009 3056 1045 3115 iu
1064 3053 1132 3116 alio
1147 3053 1271 3116 mundo
1285 3054 1508 3136 migraturam
1522 3055 1694 3116 seleutiam
1713 3074 1833 3129 meum,
1854 3054 1939 3117 unde

341 3159 488 3226 reoelaot‘
498 3160 591 3223 illam
611 3158 745 3222 cuidam
755 3160 826 3244 filio
840 3180 924 3241 meo,
940 3162 1021 3244 quia
1034 3180 1140 3243 supra
1157 3179 1279 3221 aurum
1290 3171 1323 3221 et
1340 3160 1487 3243 lapidem
1498 3163 1684 3243 pretiosum
1700 3172 1749 3223 est
1758 3173 1939 3244 praestan·
1964 3167 1994 3218 κο

341 3270 406 3330 tior
421 3279 463 3346 et,
483 3270 534 3329 tui
547 3287 619 3350 ope,
634 3269 795 3330 memoria
813 3286 888 3329 mea
903 3269 937 3328 t’u
955 3277 1128 3329 aeternum
1144 3265 1338 3328 remanebit.

341 3640 568 3740 temporibus
591 3642 692 3730 anni,
712 3654 750 3715 et
772 3654 978 3715 ventorum.
1000 3639 1159 3714 Abstine
1178 3641 1224 3714 ab
1244 3641 1343 3714 omni
1370 3641 1482 3727 malo,
1504 3640 1707 3741 deprecans
1728 3642 1938 3714 Creatorem

341 3779 381 3839 ut
405 3766 572 3865 accipere
597 3765 687 3840 velit
712 3765 802 3839 illud
829 3764 928 3865 quod
950 3766 1060 3864 petis.
1079 3754 1236 3861 Quando
1250 3765 1307 3839 vis
1330 3765 1490 3863 aliquam
1514 3764 1800 3839 incantationem
1820 3764 1939 3838 faeere

342 3891 438 3964 eirea
462 3889 633 3963 animalia
657 3903 694 3963 et
711 3914 811 3963 mare
834 3889 893 3962 vel
921 3889 1018 3963 eirea
1033 3888 1118 3975 alia,
1136 3890 1260 3989 proler
1276 3888 1543 3989 appellationes
1563 3889 1735 3962 horarum
1756 3888 1830 3963 diei
1851 3914 1939 3963 con·

340 4015 522 4088 venientis
542 4028 580 4088 et
597 4014 788 4114 temporie,
812 4027 849 4087 et
867 4038 932 4086 ora
954 4039 999 4087 ex
1018 4040 1109 4114 pura
1124 4024 1246 4088 mente
1262 4014 1321 4087 his
1339 4013 1528 4088 verbis-
1544 4013 1789 4113 quadraginta
1808 4013 1937 4087 diebus

341 4138 379 4210 in
398 4138 535 4212 ieiunio
559 4151 668 4212 antea
693 4138 928 4211 transactis¹.
1978 4157 1992 4208 ε

636 4368 748 4431 Oratio
770 4388 852 4452 quae
874 4368 971 4432 debet
991 4368 1118 4431 recitari
1140 4389 1212 4431 eum
1235 4369 1331 4431 eorde
1353 4388 1435 4450 puro
1457 4378 1489 4432 et
1510 4368 1648 4432 contrito

841 4476 881 4537 ab
903 4495 941 4538 eo
963 4475 1103 4558 quivult
1123 4474 1245 4558 aliquid
1267 4475 1441 4539 incantare.

418 4662 639 4736 Benedictus
666 4687 719 4749 ea,
741 4665 856 4752 Deus,
883 4677 919 4736 et
947 4688 1080 4737 nomen
1107 4676 1209 4737 tuum
1235 4662 1484 4752 benedictum,
1512 4663 1607 4738 sicut
1636 4676 1673 4738 et
1698 4661 1940 4737 beneficentia

342 4800 419 4861 tua.
443 4785 634 4872 Exaltabo,
653 4786 809 4861 cantabo
829 4801 866 4862 et
885 4786 1045 4861 laudabo
1068 4800 1104 4860 te
1120 4800 1158 4861 et
1175 4800 1308 4887 potens
1329 4813 1461 4862 nomeu
1485 4801 1588 4861 tuum
1606 4788 1703 4887 quod
1723 4787 1837 4861 estin
1858 4812 1940 4862 sae-

344 4911 426 4985 cula
451 4911 691 4985 saeculorum.
718 4915 796 4986 Hoc
824 4937 958 4985 nomen
982 4925 1088 4985 tuum
1113 4912 1284 4986 formidat
1309 4937 1452 5011 semper
1480 4912 1597 5012 ignita
1624 4912 1770 4999 cohors,
1792 4924 1941 5012 propter
1970 4934 1996 4983 ιο

343 5035 434 5110 illud
458 5060 558 5109 mare
579 5036 674 5136 sugit
695 5038 916 5111 retrorsum⁹
937 5050 973 5110 et
993 5037 1151 5110 mundus
1171 5037 1238 5110 tibi
1260 5037 1463 5125 benedicit;
1482 5036 1660 5136 quidquid
1680 5035 1850 5138 spiritum
1875 5038 1941 5110 ha·

343 5161 405 5235 bet
429 5161 554 5234 laudat
578 5186 709 5245 nomeu
735 5173 851 5234 tuum.
878 5163 1048 5261 Egomet,
1074 5186 1202 5235 servus
1229 5175 1315 5235 tuus
1335 5174 1371 5235 et
1400 5160 1497 5243 filins
1524 5162 1679 5235 ancillae
1697 5164 1820 5248 tuae⁸‚
1842 5162 1943 5235 velut

404 5372 432 5428 1.
459 5364 547 5429 Haec
569 5375 602 5429 et
625 5364 793 5449 sequentia
813 5386 916 5449 usque
941 5365 981 5428 ad
1005 5364 1063 5430 Vll
1086 5386 1168 5450 quae
1190 5367 1223 5427 in
1247 5366 1341 5430 unico
1366 5365 1477 5429 codice
1500 5364 1529 5429 Λ
1555 5367 1651 5448 (unde
1673 5366 1713 5449 D)
1739 5365 1943 5431 inveniuntur

342 5473 492 5535 videntur
505 5491 577 5534 esse
592 5470 820 5535 additamenta.

403 5584 433 5643 2.
448 5577 499 5643 Cf.
516 5577 570 5641 Ps.
586 5601 677 5655 exin,
695 5585 724 5642 5.

403 5691 432 5748 3.
447 5684 502 5747 Ps.
519 5707 590 5762 cxv,
608 5692 656 5749 16.
