4120 6458
382 507 438 564 521
924 495 1169 561 PRAEFATIO
1191 536 1230 545 -
1252 496 1392 562 CAPUT
1416 500 1440 562 l.

379 679 458 742 dunt
471 687 578 742 motus
592 687 625 741 et
639 677 718 752 vita;
733 676 898 739 Tenebrae
917 696 992 739 vero
1012 687 1167 752 mortuae,
1186 677 1254 740 sine
1279 678 1424 751 scientia,
1442 678 1629 753 imbecilles,
1654 679 1835 744 immobiles
1856 690 1887 745 et
1907 684 1974 744 ina-

380 787 493 859 nimes,
515 793 660 847 carentes
676 784 817 867 potentia
839 781 976 845 faciendi
1000 790 1032 845 et
1052 782 1210 866 eligendi;
1227 783 1362 847 credunt
1375 783 1495 847 malum
1519 806 1592 849 esse
1611 807 1630 849 a
1653 787 1771 871 seipso,
1788 789 1922 851 naturali
1941 802 1976 851 et

381 891 563 955 authentico
592 890 697 952 modo.
730 889 875 952 Credunt
896 888 1028 972 insuper
1056 889 1178 952 Lumen
1206 890 1301 952 unius
1332 891 1461 975 generis
1487 912 1559 973 esse
1585 900 1617 954 et
1644 891 1808 957 Tenebras
1834 895 1976 957 similiter

381 998 513 1062 alterius
531 996 672 1082 generis,
695 1006 727 1059 et
747 995 1064 1078 comprehensionem
1084 996 1230 1059 Luminis
1249 1017 1320 1060 esse
1342 997 1515 1080 quamdam
1539 999 1752 1062 universalem
1771 1001 1977 1084 comprehen-

380 1105 511 1168 sionem.
538 1103 627 1166 lllius
652 1101 791 1178 auditus,
817 1111 978 1185 aspectus,
1004 1102 1121 1184 aliique
1148 1122 1261 1165 sensus
1276 1124 1375 1165 unum
1395 1112 1427 1166 et
1450 1103 1534 1167 idem
1559 1114 1649 1175 sunt,
1673 1106 1718 1169 ita
1732 1116 1768 1169 ut
1786 1107 1913 1169 auditus
1934 1109 1979 1169 sit

380 1211 469 1274 visus
489 1220 523 1274 et
544 1210 633 1272 visus
657 1209 699 1271 sit
723 1208 777 1271 alii
797 1230 927 1285 sensus3
945 1208 1090 1272 notiones
1109 1229 1185 1271 vero
1206 1231 1213 1271 :
1237 1209 1390 1288 audiens,
1408 1211 1530 1288 videns,
1548 1211 1774 1293 praedicantur
1788 1212 1829 1275 de
1848 1214 1978 1276 Lumine

382 1327 513 1402 propter
534 1316 772 1380 distinctionem
793 1316 1038 1379 coexistentium
1064 1324 1189 1379 tantum
1208 1324 1240 1378 et
1258 1336 1322 1379 non
1344 1317 1419 1399 quia
1438 1327 1514 1381 sunt
1535 1338 1609 1381 vere
1630 1318 1711 1381 duae
1727 1340 1778 1382 res
1793 1319 1976 1393 distinctae3

382 1423 516 1488 credunt
529 1423 626 1486 etiam
641 1443 713 1486 esse
723 1422 874 1497 colorem,
893 1432 1035 1507 gustum,
1052 1421 1183 1484 odorem
1198 1431 1231 1486 ct
1241 1430 1362 1486 tactum
1373 1432 1404 1486 et
1419 1423 1503 1486 idem
1518 1424 1684 1509 cognitum
1697 1446 1769 1489 esse
1779 1434 1819 1488 'ut
1831 1426 1977 1502 colorem,

382 1532 457 1614 quia
472 1529 638 1592 Tenebrae
660 1529 727 1591 illic
747 1527 841 1590 modo
856 1527 996 1611 quodam
1010 1527 1162 1611 peculiari
1179 1530 1355 1611 permixtae
1371 1530 1445 1605 sint,
1463 1539 1494 1593 et
1505 1539 1541 1593 ut
1555 1540 1697 1614 gustum,
1715 1532 1789 1614 quia
1810 1532 1873 1595 alio
1888 1533 1980 1595 modo

382 1637 558 1720 permixtae
583 1636 662 1710 sint,
680 1634 777 1697 simili
801 1634 897 1697 modo
921 1643 1069 1697 asserunt
1092 1634 1259 1698 decolore
1283 1635 1512 1711 Tenebrarum,
1530 1637 1569 1699 de
1593 1647 1702 1721 gustu,
1719 1637 1817 1700 odore
1841 1647 1981 1703 attactu

383 1743 520 1806 illarum.
539 1741 684 1805 Credunt
702 1741 810 1803 lumen
826 1741 1009 1804 omnimodo
1024 1741 1132 1804 album
1152 1762 1225 1805 esee
1243 1751 1275 1804 et
1293 1740 1457 1805 Tenebras
1479 1741 1662 1806 omnimodo
1677 1743 1799 1827 nigras,
1816 1753 1849 1807 et
1862 1745 1981 1807 Lumen

384 1869 510 1934 semper
537 1848 702 1911 Tenebras
728 1868 745 1909 e
774 1868 831 1910 sua
858 1846 999 1910 inferiori
1030 1856 1121 1930 parte
1151 1848 1311 1932 attingere
1340 1847 1416 1910 dum
1446 1849 1611 1912 Tenebrae
1641 1870 1767 1933 semper
1793 1852 1982 1934 contingrmt

384 1956 506 2019 Lumen
525 1949 682 2038 superiori
702 1953 831 2016 illarum
850 1962 951 2036 parte.
969 1954 1016 2017 De
1037 1954 1262 2017 commixtione
1283 1975 1359 2018 vero
1379 1955 1533 2036 (Luminis
1548 1965 1581 2018 et
1600 1955 1828 2037 Tenebrarum)
1844 1966 1875 2019 et
1892 1958 1982 2040 puri-

385 2063 532 2126 ficatione
556 2061 702 2124 diversae
718 2069 793 2123 sunt
807 2061 993 2123 sententiae.
1018 2060 1155 2140 Quidam
1175 2070 1289 2144 putant
1310 2061 1431 2124 Lumen
1453 2063 1636 2145 ingressum
1657 2083 1729 2125 esse
1748 2063 1781 2124 in
1804 2062 1980 2129 Tenebras:

384 2168 458 2231 illae
472 2169 557 2231 enim
572 2168 752 2251 attigerunt
765 2166 845 2229 illud
855 2187 927 2229 cum
941 2176 1031 2230 tanta
1044 2168 1182 2231 acuitate
1198 2177 1230 2229 et
1248 2167 1396 2242 duritate‚
1415 2178 1451 2231 ut
1465 2168 1666 2231 vulneratum
1679 2169 1722 2233 sit
1735 2178 1767 2232 et
1779 2178 1924 2232 conatum
1939 2171 1984 2233 sit

385 2274 500 2338 dehinc
519 2275 622 2337 lacere
642 2274 716 2336 illas
735 2272 849 2337 molles
868 2282 900 2336 et
917 2273 1095 2358 laevigatus
1116 2283 1151 2337 ιιι
1169 2274 1340 2337 liberatum
1359 2276 1399 2337 ab
1419 2274 1483 2337 illis
1502 2275 1661 2338 evaderet.
1679 2275 1759 2337 lllud
1781 2296 1862 2360 ergo
1881 2278 1984 2339 evenit

385 2401 450 2444 non
472 2402 489 2443 e
514 2380 698 2444 discrimine
720 2380 917 2444 substantiae
939 2381 1116 2465 utriusque,
1134 2380 1190 2444 sed
1206 2382 1289 2444 sicut
1303 2401 1392 2444 serra
1406 2402 1447 2444 ex
1461 2381 1574 2463 (unica)
1593 2382 1773 2446 substantia
1786 2382 1872 2457 lerri,
1888 2383 1983 2444 habet

384 2487 486 2552 latera
500 2487 662 2571 laevigata
684 2496 717 2550 et
735 2486 846 2550 dentes
860 2496 982 2563 acutas,
1007 2488 1054 2550 sic
1071 2487 1243 2572 laevigatio
1266 2498 1316 2550 est
1335 2489 1367 2550 in
1393 2488 1524 2551 Lumine
1544 2497 1576 2551 et
1594 2488 1717 2552 acuitas
1732 2490 1764 2551 in
1783 2488 1936 2551 Tenebris
1952 2500 1983 2550 et

386 2604 521 2677 utraque
545 2603 621 2656 sunt
651 2592 793 2656 eiusdem
822 2594 1036 2669 substantiae;
1058 2594 1180 2657 Lumen
1203 2614 1279 2657 vero
1303 2615 1320 2657 e
1349 2615 1407 2657 sua
1433 2593 1599 2657 dulcedine
1624 2603 1746 2657 tantam
1775 2593 1983 2657 ductilitatern

387 2699 483 2762 habet
506 2709 541 2761 ut
564 2700 596 2761 in
624 2699 696 2761 istis
720 2700 845 2763 fissuris
869 2700 1087 2762 Tenebrarum
1111 2701 1222 2775 intret;
1240 2710 1272 2763 et
1292 2701 1352 2764 hoc
1375 2699 1528 2783 possibile
1549 2701 1652 2764 evasit
1672 2710 1827 2763 tantume
1849 2700 1984 2763 duritate

388 2805 628 2889 (Tenebrarum)
646 2814 777 2890 propter
794 2806 978 2869 felicitatem
993 2806 1180 2869 existentiae
1195 2807 1336 2883 illarum3
1353 2806 1437 2869 unde
1452 2806 1609 2870 notandae
1625 2815 1701 2869 sunt
1718 2816 1842 2870 tautum
1857 2805 1984 2869 illarum

387 2912 550 2975 ductilitas
563 2922 596 2976 et
609 2914 743 2976 acuitas.

427 3018 492 3081 Alii
520 3029 654 3103 negant,
675 3018 732 3082 sed
760 3028 930 3103 postquam
953 3019 1133 3108 Tenebrae,
1158 3040 1217 3082 sua
1241 3021 1371 3095 astutia,
1398 3020 1572 3084 adhaerere
1596 3027 1768 3102 potuerunt
1791 3019 1917 3082 Lumini
1944 3019 1983 3082 ad

388 3145 481 3187 suam
504 3125 687 3190 inferiorem
707 3134 841 3210 partem,
863 3136 1012 3189 conatum
1033 3135 1084 3189 est
1101 3126 1223 3189 Lumen
1245 3145 1315 3189 sese
1337 3125 1472 3189 liberare
1492 3136 1525 3189 et
1544 3127 1704 3210 expellere
1719 3147 1738 3189 a
1752 3126 1980 3199 se'Tenebras3

388 3239 421 3294 at
435 3243 649 3316 aggravatum
670 3242 721 3295 est
743 3243 775 3295 et
795 3233 981 3295 immersum
1000 3232 1059 3295 luit
1083 3232 1158 3307 illic,
1176 3233 1260 3296 sicut
1273 3233 1368 3295 ltomo
1393 3234 1447 3316 qui
1462 3233 1529 3296 vult
1543 3232 1655 3317 egredi
1675 3233 1787 3295 elimo
1807 3234 1839 3295 iu
1853 3253 1915 3315 quo
1934 3233 1983 3294 in·

388 3337 476 3412 cidit,
490 3338 620 3401 fulcitur
641 3339 673 3401 in
689 3359 746 3401 suo
768 3338 848 3420 pede
863 3347 900 3400 ut
921 3338 1117 3422 egrediatur,
1135 3339 1191 3402 sed
1206 3340 1409 3424 immergitur
1432 3360 1558 3422 semper
1570 3339 1677 3414 altius,
1698 3339 1744 3401 ita
1767 3339 1888 3402 Lumen
1911 3349 1986 3424 eget

388 3444 521 3508 delinito
543 3444 681 3528 quodam
703 3455 846 3528 tempore
876 3443 917 3507 ad
931 3444 1152 3508 liberationem
1171 3466 1263 3508 suam
1278 3456 1310 3509 et
1330 3446 1369 3509 ad
1389 3446 1611 3510 adducendum
1634 3465 1691 3508 ens
1713 3465 1829 3527 purum
1847 3447 1879 3508 in
1894 3465 1985 3508 suurn

389 3571 537 3634 regnum.

451 3657 515 3720 Alii
531 3657 642 3721 dicunt
656 3659 761 3721 adhuc
777 3658 898 3721 Lumen
919 3678 937 3721 e
962 3658 1063 3722 libera
1077 3659 1240 3722 voluntate
1256 3659 1332 3722 iisse
1356 3660 1388 3722 iu
1412 3659 1576 3721 Tenebras
1591 3668 1627 3722 ut
1649 3660 1722 3722 illas
1746 3660 1858 3722 beatas
1871 3659 1988 3722 laceret

389 3774 421 3827 et
437 3774 474 3828 ut
494 3763 667 3827 adduceret
682 3765 713 3829 in
735 3786 829 3828 suum
845 3785 981 3849 regnum
1003 3786 1113 3828 sanam
1135 3765 1262 3829 illarum
1289 3775 1428 3850 partem3
1445 3766 1502 3829 sed
1523 3775 1694 3851 postquam
1716 3766 1859 3839 intravit,
1874 3765 1988 3829 mansit

391 3871 458 3934 illio
487 3872 621 3935 firmiter
649 3873 747 3957 longo
771 3883 914 3955 tempore
942 3881 974 3935 et
996 3872 1071 3935 lecit
1094 3884 1203 3936 coacte
1227 3872 1414 3936 iniustitiam
1437 3883 1468 3935 et
1491 3893 1543 3934 res
1566 3873 1695 3936 odiosas
1720 3872 1778 3936 sed
1802 3893 1867 3936 non
1889 3872 1987 3934 libero

390 3977 533 4053 delectu,
551 3978 678 4061 quando
701 3987 806 4041 autem
828 3979 998 4041 liberatum
1019 3980 1079 4043 erit
1098 3989 1130 4043 et
1149 3980 1181 4041 in
1204 4000 1263 4042 suc
1286 3978 1404 4042 mundo
1426 3979 1624 4061 restitutum,
1648 3980 1795 4062 operabit
1813 3988 1936 4042 tantum
1958 3987 1987 4039 et

390 4105 516 4168 semper
534 4086 652 4147 bonum
672 4093 705 4148 et
726 4086 912 4169 pulchrum3
928 4086 975 4149 sic
997 4096 1047 4148 est
1067 4086 1239 4149 discrimen
1263 4087 1345 4148 iuter
1364 4106 1497 4168 operare
1515 4096 1623 4149 coacte
1638 4097 1669 4149 et
1687 4107 1820 4170 operare
1840 4108 1859 4149 a
1876 4086 1989 4149 liberet

391 4190 526 4254 delectu.
1411 4216 1414 4220 “

471 4399 527 4469 15.
554 4398 717 4470 Tandem
747 4399 902 4472 Michacl
932 4403 1064 4498 Syrus,
1096 4399 1302 4497 patriarcha
1328 4399 1558 4487 Antiochiae,
1585 4400 1647 4472 dat
1677 4398 1784 4471 nobis
1811 4398 1987 4498 integram
2043 4388 2044 4397 ¹

397 4529 616 4602 Bardesanis
636 4529 930 4630 biographiam¹,
951 4533 1016 4605 sed
1035 4532 1131 4604 undo
1153 4545 1297 4631 sumpta
1318 4533 1365 4605 sit
1386 4534 1612 4632 ignoramus.

469 4663 615 4735 luitium
636 4664 766 4762 capitis
786 4671 832 4763 (p.
861 4666 978 4759 10992δ
1004 4679 1060 4737 est
1082 4693 1090 4735 :

457 4882 511 4945 *T
513 4894 607 4947 extus
635 4888 796 4949 corclani
817 4886 904 4948 illius
932 4886 1141 4970 biographiae
1168 4896 1350 4948 asservatus
1376 4896 1426 4948 est
1452 4884 1589 4948 Londini
1617 4884 1649 4946 in
1681 4884 1804 4947 Britisb
1832 4885 1986 4953 blaesum,

401 4989 546 5053 Oriental
561 5013 621 5054 ms.
633 4997 773 5068 nenton,
791 4993 846 5055 sol.
863 4999 912 5055 71.
929 4992 977 5056 De
996 4993 1051 5054 illo
1071 4991 1180 5055 codice
1199 4991 1270 5054 vide
1289 4993 1434 5055 Journal
1448 4993 1521 5070 Aa,
1541 4990 1707 5065 1x0serie,
1725 4999 1747 5053 ι.
1764 4988 1852 5065 Vlll,
1870 5014 1902 5076 p.
1923 4996 1986 5055 523.

400 5097 558 5160 Gallicam
578 5099 672 5181 liujus
689 5108 795 5162 textus
816 5099 1056 5162 translationem
1073 5099 1220 5161 dedimus
1233 5098 1265 5160 in
1281 5099 1434 5182 opusculo
1445 5099 1513 5181 jam
1533 5098 1662 5161 laudato
1682 5119 1689 5161 τ
1711 5098 1780 5161 Une
1799 5098 1988 5182 biograplie

396 5204 516 5266 inediae
535 5204 575 5267 de
593 5205 790 5269 Bardesarre
809 5208 1032 5288 l'eatr‘ologua
1049 5205 1152 5279 Paris,
1173 5211 1260 5268 1897.

455 5311 467 5348 ²
490 5309 581 5375 quta
601 5312 736 5389 Clrabot,
756 5312 943 5395 Clrrom‘que
961 5311 1001 5373 de
1018 5312 1139 5374 Mr‘cliel
1157 5314 1187 5374 le
1206 5312 1336 5392 Syrien,
1355 5312 1458 5383 Paris,
1478 5318 1565 5388 1900,
1586 5321 1610 5373 ι.
1627 5311 1651 5387 l,
1668 5312 1747 5374 lasc.
1767 5316 1795 5383 2,
1813 5332 1845 5395 p.
1866 5311 1987 5374 183-184
2043 5368 2044 5377 ,

395 5425 427 5478 et
442 5422 587 5481 109-110.

475 5524 652 5590 Adiicimus
668 5527 719 5589 bic
734 5527 831 5590 verba
846 5525 1003 5610 quaedam
1019 5546 1058 5587 ex
1077 5546 1173 5609 opere
1192 5526 1255 5587 iam
1269 5525 1398 5587 laudato
1413 5525 1459 5588 Le
1477 5527 1557 5589 libre
1574 5525 1631 5587 dea
1649 5526 1788 5587 scholica
1806 5524 1988 5607 deprompta

397 5630 467 5710 (Ed.
488 5633 633 5718 Pogncn,
650 5633 755 5710 Paris,
779 5635 876 5715 1899).
898 5633 933 5694 ln
959 5632 1014 5695 illo
1035 5651 1142 5716 opere,
1165 5630 1355 5694 Theodorus
1379 5632 1443 5694 Bar
1465 5631 1573 5694 Khrlni
1597 5631 1708 5693 tribuit
1730 5630 1850 5695 blaneti
1877 5641 1909 5694 et
1931 5628 1988 5693 illis

396 5738 580 5815 haereticis,
598 5741 690 5805 Audc
715 5751 747 5804 et
769 5741 897 5823 Ququm
918 5740 1050 5816 vocatis,
1070 5739 1226 5822 ipsosmet
1246 5757 1372 5802 errores
1393 5758 1475 5823 quos
1497 5739 1551 5801 alii
1574 5746 1722 5801 auctores
1746 5737 1894 5801 tribuunt
1915 5737 1988 5801 Bar·
