4132 6466
774 482 1030 549 anuarino.
1316 576 1320 581 Ι
1635 491 1712 549 1000

104 646 244 744 ubique
267 646 536 732 annotavimus,
562 644 688 744 addita
711 646 819 723 simul
846 646 998 733 ratione,
1023 672 1117 744 quae
1138 646 1359 720 mutationes
1382 647 1616 721 translationi
1642 649 1708 719 Ce-

105 779 200 885 riani
221 779 345 853 illatas
359 778 545 853 iustificet.

180 1040 216 1109 3.
240 1035 486 1127 Celeberrima
500 1036 744 1136 Apocalypsis
762 1037 903 1109 Barucb
931 1037 967 1146 in
983 1037 1093 1110 unico
1108 1050 1227 1111 exstat
1244 1037 1371 1111 codice
1387 1037 1532 1136 syriaco
1551 1036 1709 1109 Ambro-

103 1170 225 1255 siano,
252 1194 349 1255 saec.
368 1173 432 1244 Vl.
454 1169 561 1241 trinis
581 1169 762 1243 columnis
786 1170 969 1270 scriptura
991 1170 1108 1244 nitida
1127 1184 1291 1256 exarato,
1309 1171 1415 1243 cuius
1436 1169 1709 1243 subdivisiones

103 1302 296 1375 asteriscis
320 1314 465 1375 notatas
491 1278 690 1400 praeeunte
710 1302 850 1375 editore
872 1303 990 1401 primo
1009 1303 1106 1390 libri,
1129 1306 1174 1376 Α.
1198 1307 1247 1375 Μ.
1267 1303 1412 1377 Ceriani
1426 1303 1463 1375 in
1479 1302 1548 1375 hac
1564 1328 1710 1401 quoque

102 1436 385 1535 Apocalypseos
424 1434 584 1509 editione
626 1435 857 1508 retinuimus.
891 1438 1160 1535 Argumentum
1197 1436 1476 1535 apocalypseos
1514 1436 1582 1509 hoc
1617 1448 1707 1508 est:

104 1572 248 1642 Auctor
271 1594 466 1667 personam
495 1568 653 1654 Barucb,
683 1569 854 1668 discipuli
885 1570 1059 1643 leremiae
1091 1594 1283 1643 assumens
1313 1568 1501 1643 exordium
1531 1568 1711 1642 sermonis
1809 1610 1816 1622 ·

103 1702 194 1776 lacit
218 1704 264 1775 ab
288 1702 564 1801 oppugnatione
588 1701 896 1800 lerosolymorum
919 1716 1084 1801 tempore
1107 1703 1299 1776 lechoniae
1326 1715 1363 1776 et
1384 1702 1561 1779 describit
1579 1701 1712 1774 vatici-

103 1834 209 1907 nium
224 1835 295 1907 sibi
308 1862 330 1908 a
341 1838 418 1908 Deo
431 1836 477 1908 do
490 1835 651 1908 instante
667 1836 940 1934 expugnatione
952 1835 1056 1908 urbis
1071 1836 1207 1909 lactum
1220 1849 1257 1910 et
1270 1835 1315 1909 de
1329 1836 1481 1909 interitu
1496 1835 1602 1934 regni
1615 1838 1707 1927 (nv).

103 1968 336 2041 Describitur
360 1967 571 2067 adimpletio
594 1968 758 2041 vaticinii
775 1980 811 2041 et
830 1967 924 2041 visio
951 1969 1108 2053 Barucb,
1139 1968 1200 2066 qui
1230 1994 1354 2043 muros
1384 1967 1545 2040 civitatis
1570 1967 1616 2040 ab
1644 1991 1707 2039 an-

103 2099 204 2200 gelis
220 2102 403 2174 devastari
421 2087 598 2174 et‘arcam
617 2100 775 2175 foederis
792 2101 968 2175 abscondi
984 2116 1108 2175 narrat
1123 2103 1287 2195 (vr-vm).
1310 2101 1452 2174 baruch
1467 2112 1552 2200 post
1568 2100 1711 2208 ruinam

102 2234 234 2333 templi
250 2233 288 2306 in
304 2234 402 2308 Urbe
422 2260 569 2307 manere
590 2247 627 2308 ct
651 2234 824 2308 Ieremias
844 2235 970 2308 exules
989 2234 1172 2307 consolari
1193 2235 1359 2321 iubetur,
1378 2233 1582 2333 prorumpit
1605 2233 1642 2305 in
1656 2232 1714 2303 la-·

103 2379 231 2440 menta
246 2392 370 2439 amara
391 2366 573 2440 excidium
593 2367 719 2465 populi
733 2367 868 2466 lugens
883 2368 1035 2465 (rx-xm).
1057 2367 1262 2466 Prophetae
1281 2368 1362 2440 vias
1379 2366 1446 2439 Dei
1463 2364 1642 2439 scrutanti
1659 2390 1713 2438 re·

104 2498 251 2573 velatur
265 2500 357 2573 ultio
377 2500 500 2573 divina
520 2512 653 2600 gentes
673 2500 901 2600 castigatura
927 2515 965 2575 et
991 2500 1225 2574 difficultates
1249 2500 1452 2601 prophetae
1472 2499 1570 2572 circa
1583 2497 1711 2572 vatici-

104 2634 210 2706 nium
237 2632 307 2707 sibi
334 2634 469 2706 lactum
494 2632 709 2708 reiiciuntur
733 2638 898 2729 (rur-xx).
917 2635 1102 2731 Propheta
1129 2647 1224 2718 orat,
1243 2646 1285 2706 ut
1305 2636 1405 2707 Deus
1422 2658 1528 2706 veras
1549 2631 1712 2706 rationes

104 2778 233 2840 tantae
245 2765 464 2840 calamitatis
475 2766 696 2854 manifestet,
711 2767 816 2840 cuius
828 2765 1133 2866 pusillanimitate
1148 2767 1344 2866 reprobata
1360 2766 1536 2839 indicium
1550 2765 1712 2837 divinum

106 2900 291 2998 signaque
319 2899 399 2973 eius
423 2900 694 2973 annunciantur
717 2904 918 2993 (uxr-xxvi).
940 2899 1150 2971 Sciscitanti
1171 2900 1373 2999 prophetae
1401 2899 1447 2971 de
1474 2898 1712 2971 tribulatione

106 3045 264 3105 ventura
284 3031 478 3105 duodecim
499 3045 625 3132 partes
646 3045 852 3131 temporum
868 3046 905 3106 et
923 3032 1103 3105 adventus
1118 3033 1275 3106 Messias
1292 3044 1328 3104 et
1344 3030 1498 3104 deliciae
1513 3031 1619 3129 regni
1632 3031 1712 3102 eius

107 3164 319 3239 revelantur
342 3169 569 3262 (xxva-xxx).
588 3166 716 3240 Oratio
739 3166 883 3239 Barucb
903 3167 950 3238 ad
972 3166 1159 3266 populum,
1179 3190 1310 3238 novam
1332 3163 1578 3237 calamitatem
1599 3162 1711 3237 Urbis

108 3311 146 3372 et
171 3297 296 3396 templi
329 3298 587 3372 annunciantis
613 3311 651 3372 et
674 3269 849 3399 populum
874 3300 1081 3398 relinquere
1108 3299 1266 3372 volentis
1299 3299 1546 3393 (xxxi-xxxiv).
1569 3296 1712 3369 Barucb

108 3456 223 3529 super
246 3431 371 3504 ruinas
390 3433 518 3531 templi
540 3432 643 3505 llenti
666 3446 702 3506 et
723 3432 843 3505 oranti
862 3432 1046 3505 revelatur
1059 3432 1155 3505 visio
1171 3431 1216 3504 de
1232 3431 1325 3504 silva
1348 3444 1383 3505 et
1403 3430 1468 3504 viti
1491 3441 1528 3503 et
1552 3431 1652 3503 sonte
1677 3441 1713 3501 et

108 3564 305 3662 exponitur
324 3564 549 3664 significatio
570 3565 738 3651 visioniS,
757 3564 801 3638 de
820 3577 978 3664 quatuor
992 3565 1132 3664 regnis,
1151 3563 1196 3638 de
1212 3565 1364 3638 interitu
1386 3563 1564 3663 principis
1579 3561 1711 3646 ultimi,

109 3697 231 3795 deque
246 3721 362 3796 regno
377 3697 562 3771 messiano
578 3701 770 3794 (xxxv-xa).

184 3830 368 3930 Propheta
396 3831 502 3905 novis
540 3831 819 3930 quaestionibus
853 3835 932 3905 Deo
960 3831 1161 3931 propositis
1194 3830 1369 3930 populum
1399 3828 1537 3902 hortari
1565 3828 1713 3901 iubetur

114 3965 222 4061 eique
245 3989 359 4036 novae
383 3963 626 4038 revelationes
648 3963 911 4065 promittuntur
930 3966 1139 4060 (xm-xuni).
1164 3967 1291 4038 Sermo
1307 3963 1452 4036 ssaruch
1472 3962 1518 4035 ad
1535 3961 1710 4060 populum

110 4095 317 4169 discessum
345 4121 451 4169 suum
476 4097 753 4183 annunciantis,
781 4097 1004 4172 describitur
1032 4122 1175 4171 maeror
1193 4097 1319 4196 populi
1346 4096 1393 4169 ob
1417 4120 1606 4170 secessum
1625 4118 1713 4192 pro·
1835 4180 1836 4184 Ἰ

110 4229 258 4327 phetae,
283 4227 403 4326 quiin
428 4229 519 4302 urbe
549 4229 698 4303 Hebron
730 4244 810 4303 orat
839 4245 875 4304 et
901 4230 1046 4329 expleto
1071 4230 1209 4304 ieiunio
1237 4242 1379 4328 septem
1410 4229 1551 4303 dierum
1582 4226 1715 4324 accipit

111 4388 133 4436 a
156 4364 234 4436 Deo
257 4361 518 4436 revelationem
533 4362 578 4438 de
598 4365 913 4463 appropinquante
930 4363 1248 4439 consummatione
1269 4363 1463 4463 signisque
1479 4362 1572 4445 eius,
1591 4361 1636 4434 de
1656 4384 1715 4432 re·

112 4495 355 4582 surrectione,
378 4496 495 4593 deque
518 4495 694 4593 qualitate
718 4498 881 4597 eorporis
900 4523 1040 4584 eorum,
1064 4497 1126 4595 qui
1148 4496 1388 4570 resurrecturi
1412 4507 1499 4568 sunt
1518 4493 1710 4587 (xxiv-nn).

113 4632 216 4702 Nova
247 4629 342 4703 visio
368 4630 567 4728 prophetae
592 4630 637 4702 de
669 4630 770 4703 senis
798 4632 903 4730 aquis
934 4632 1068 4706 lucidis
1097 4643 1134 4704 et
1162 4630 1281 4730 nigris
1305 4644 1341 4705 et
1370 4630 1415 4703 de
1439 4629 1586 4727 fulgure
1611 4651 1716 4700 coru·

113 4772 253 4835 scente.
276 4762 461 4861 Propheta
481 4776 622 4847 orante,
643 4776 684 4836 ut
707 4764 778 4837 sibi
802 4765 895 4838 visio
917 4765 1133 4865 explicetur,
1151 4764 1300 4838 advenit
1329 4762 1469 4836 Ramiel
1498 4761 1654 4859 angelus
1678 4771 1715 4834 et

112 4894 385 4968 vicissitudines
408 4920 559 4995 operum
580 4896 743 4969 iustitiae
771 4910 806 4970 et
830 4897 1034 4995 iniquitatis
1059 4900 1096 4971 in
1121 4897 1275 4971 historia
1302 4896 1425 4997 gentis
1447 4896 1585 4968 electae
1615 4894 1714 4967 senis

114 5026 220 5126 aquis
235 5026 368 5099 lucidis
386 5028 578 5128 nigrisque
594 5028 803 5101 adumbrari
821 5031 1062 5117 demonstrat,
1081 5031 1207 5104 addito
1221 5030 1396 5109 vaticinio
1411 5029 1456 5101 de
1475 5027 1712 5101 tribulatione

114 5159 271 5233 maxima
297 5160 335 5232 in
366 5164 437 5232 fine
463 5174 668 5260 temporum
694 5177 848 5236 ventura
876 5176 913 5237 et
939 5188 1055 5264 regno
1085 5163 1243 5237 Messiae
1275 5164 1506 5256 (nur-axxrv).
1530 5160 1713 5258 Propheta

114 5292 254 5390 gratias
274 5293 354 5392 agit
377 5294 456 5367 Deo
482 5319 548 5391 pro
573 5297 734 5395 acceptis
760 5297 1044 5371 revelationibus
1064 5309 1100 5370 et
1127 5296 1295 5369 hortatur
1315 5295 1491 5394 populum
1520 5293 1566 5365 ad
1595 5293 1715 5391 legem

114 5426 381 5501 observandam
404 5428 679 5531 (xxxv-xxxvii),
705 5431 899 5529 Componit
918 5432 1010 5504 duas
1031 5430 1208 5528 epistolas
1228 5456 1236 5499 τ
1258 5428 1368 5502 aliam
1382 5430 1429 5501 ad
1444 5452 1575 5501 novem
1594 5424 1712 5499 tribus

115 5571 151 5632 et
170 5558 372 5645 dimidiam,
391 5560 500 5633 aliam
521 5562 567 5634 ad
582 5560 674 5634 duas
689 5561 808 5634 trihus
824 5576 861 5634 et
875 5563 1083 5649 dimidiam
1102 5563 1256 5662 primam
1277 5563 1421 5663 aquilae
1436 5561 1549 5635 tradit
1562 5584 1717 5658 eamque

117 5692 163 5765 ad
184 5693 360 5793 populum
378 5706 482 5767 trans
501 5695 651 5768 lluvium
671 5696 884 5794 Euphraten
904 5695 1067 5796 ablegat.
