4108 6458
356 454 414 513 708
881 445 1126 511 PRAEFATIO
1148 484 1188 493 -
1209 443 1350 511 CAPUT
1372 445 1428 508 lll.

430 636 622 735 Rescripto
643 634 805 710 seeundo
830 638 909 708 Rex
928 634 1101 709 mandato
1127 661 1195 708 suo
1215 634 1333 734 primo
1358 633 1477 706 minas
1496 633 1674 732 plurimas
1693 635 1796 709 addit
1812 649 1849 709 et
1868 663 1943 711 cae·

355 772 438 845 dem
463 769 643 869 promittit
669 768 831 842 Simeoni
862 768 933 840 nisi
961 768 1031 842 sibi
1058 768 1207 842 obedire
1230 768 1330 841 velit.
1361 768 1531 841 Simeone
1560 780 1682 840 autem
1705 767 1943 843 obedientiam

355 917 547 979 recusante
574 903 733 976 edictum
756 901 906 975 tertium
935 917 1004 980 tut
1028 902 1198 989 mittitur,
1228 926 1299 999 quo
1327 900 1462 973 dirutio
1488 899 1665 973 ecclesiae
1697 905 1735 973 S.
1769 903 1943 976 Simeonis

354 1052 464 1137 atque
480 1035 644 1109 eiusdem
662 1034 867 1133 deportatio
880 1035 918 1107 in
931 1035 1058 1107 urbem
1078 1032 1389 1108 Karka-d·Ledan
1404 1059 1427 1105 a
1442 1036 1579 1131 Sapore
1594 1059 1711 1132 nuper
1723 1035 1944 1108 aedificatam

353 1171 573 1244 decernitur.

426 1305 502 1391 MS¹
526 1301 617 1373 nihil
637 1301 766 1374 horum
788 1301 968 1388 continet3
987 1312 1071 1399 post
1095 1300 1237 1374 litteras
1263 1300 1399 1399 primas
1425 1299 1574 1404 Simeon
1598 1325 1620 1372 a
1641 1325 1729 1399 rege
1753 1300 1943 1375 furibundo

353 1436 519 1537 captivus
539 1433 723 1533 deportari
748 1434 895 1507 iubetur
913 1446 1022 1533 atque
1048 1434 1094 1506 ad
1119 1437 1256 1533 Regem
1278 1434 1472 1533 ingressus
1491 1433 1619 1505 eadem
1638 1433 1718 1532 agit
1737 1432 1940 1521 insolentia,

352 1595 423 1669 qua
443 1567 636 1667 epistolam
656 1567 842 1640 exaravit:
860 1592 934 1639 non
954 1567 1051 1639 enim
1073 1597 1090 1633 «
1113 1566 1242 1639 adorat
1264 1597 1297 1655 u,
1319 1565 1429 1639 idest
1448 1565 1586 1638 nullam
1608 1567 1850 1639 reverentiam
1869 1566 1942 1665 regi

352 1702 512 1776 debitam
527 1699 687 1786 exhibet,
705 1700 770 1773 sed
786 1712 908 1772 erecto
927 1700 1046 1772 fronte
1062 1699 1095 1772 ei
1112 1724 1151 1772 se
1168 1699 1278 1772 sistit.

425 1838 502 1922 MS,
525 1835 619 1906 hanc
646 1833 886 1906 enarrationis
906 1846 1047 1931 partem
1078 1833 1241 1933 ignorem
1266 1832 1413 1905 Simeon
1434 1832 1480 1903 ad
1509 1856 1633 1931 regem
1653 1830 1846 1931 ingressus
1866 1858 1940 1905 eum

353 1995 452 2043 more
473 1967 581 2041 solito
604 1995 621 2037 <r
644 1965 772 2040 adorat
790 1997 822 2055 »,
842 1992 914 2065 quo
933 1965 1030 2040 lacto
1046 1964 1185 2066 allega
1201 1966 1450 2064 interrogatur
1472 1992 1480 2035 ε

402 2135 419 2169 «
447 2104 636 2197 Quaenam
660 2098 811 2172 rebellio
839 2099 930 2172 haec
957 2100 1118 2183 Simeon,
1142 2124 1250 2197 quam
1278 2098 1455 2171 adversus
1481 2124 1538 2171 me
1565 2101 1778 2175 monstrasti
1805 2127 1824 2170 n
1853 2124 1937 2198 quae

351 2234 518 2335 quaestio
538 2233 571 2305 ei
592 2233 652 2332 qui
670 2233 865 2305 humanam
885 2244 1052 2304 naturam
1072 2232 1174 2305 novit
1193 2231 1490 2331 probabilissima
1510 2230 1691 2304 videatur.
1719 2236 1795 2321 MS1
1821 2246 1940 2306 contra

351 2368 475 2442 statim
493 2379 578 2466 post
596 2378 770 2465 negatam
790 2365 1048 2438 salutationem
1068 2391 1194 2464 regem
1208 2364 1331 2437 surore
1351 2365 1531 2462 repletum
1552 2364 1714 2438 Simeoni
1735 2366 1873 2439 dixisse
1893 2391 1939 2437 re·

349 2501 439 2575 lert:
456 2528 474 2572 a
492 2504 596 2573 Nunc
609 2524 697 2572 vera
712 2511 840 2598 reputo
856 2497 991 2585 omnia,
1007 2523 1100 2597 quae
1117 2498 1161 2570 de
1176 2511 1212 2571 te
1233 2497 1368 2570 audivi.
1387 2500 1461 2571 Cur
1473 2497 1575 2596 prius
1594 2497 1774 2572 adorabas
1789 2512 1826 2572 et
1839 2498 1939 2571 modo

349 2661 423 2708 non
442 2633 626 2707 adorasti?
647 2659 664 2702 n
687 2632 755 2704 Cui
775 2632 949 2704 Simeon:
974 2664 991 2698 «
1015 2634 1107 2704 Nam
1124 2631 1225 2730 prius
1245 2630 1407 2716 adoravi,
1426 2631 1511 2729 quia
1529 2656 1602 2703 non
1617 2631 1654 2704 in
1675 2632 1815 2705 eatenis
1833 2656 1939 2705 vene·

349 2794 443 2853 ram,
466 2792 534 2839 nec
561 2779 601 2838 ut
624 2767 742 2838 Deum
770 2790 890 2838 meum
914 2790 1040 2837 verum
1068 2764 1284 2864 relinquam,
1306 2763 1514 2862 postulatus
1543 2789 1624 2836 sum
1654 2793 1687 2838 n.
1716 2769 1939 2865 Responsum

350 2901 510 2975 Simeoni
540 2898 694 2971 eandem
727 2923 836 2995 qnam
865 2897 1021 2996 epistola
1048 2897 1187 2970 redolet
1215 2897 1405 2997 vulgarem
1431 2923 1583 2996 prorsus
1610 2898 1884 2996 protervitatem
1908 2911 1940 2971 et

348 3035 498 3133 insuper
518 3031 704 3106 mentitur.
727 3034 819 3103 Nam
843 3056 960 3129 usque
985 3031 1031 3103 ad
1050 3043 1274 3103 momentum
1294 3056 1366 3129 quo
1383 3030 1531 3104 Simeon
1552 3030 1712 3117 intravit,
1735 3058 1758 3103 a
1777 3033 1879 3132 Rege
1898 3030 1940 3104 ad

348 3167 573 3266 apostasiam
589 3165 687 3237 haud
702 3164 986 3251 sollicitabatur,
1004 3189 1075 3262 qua
1091 3189 1181 3263 ergo
1195 3163 1335 3236 ratione
1351 3146 1573 3262 respondere
1586 3164 1768 3262 potuisset
1783 3189 1823 3238 se
1843 3164 1939 3263 prius

348 3326 421 3374 non
441 3324 522 3372 esse
548 3297 767 3371 accersitum
786 3297 832 3368 ad
854 3299 971 3369 Deum
993 3322 1120 3368 verum
1142 3295 1444 3394 relinquendum?
1463 3298 1539 3368 lam
1561 3296 1662 3394 ipsae
1691 3297 1760 3369 hae
1782 3322 1939 3397 exagge-

347 3433 527 3517 rationes,
557 3456 650 3529 quae
680 3443 841 3503 ceterum
871 3430 980 3502 etiam
1009 3430 1047 3500 in
1075 3429 1263 3527 responsis
1292 3428 1476 3503 Gustazed
1502 3441 1538 3501 et
1566 3429 1675 3502 Pusai
1705 3428 1940 3502 observantur
2038 3454 2039 3477 ¹

346 3579 462 3640 totam
482 3564 694 3637 methodum
714 3588 834 3635 rerum
858 3562 1122 3634 narrandarum
1147 3561 1193 3634 ab
1217 3575 1366 3635 auctore
1387 3564 1460 3649 MS,
1482 3562 1713 3636 observatam
1736 3576 1938 3662 suspectam

347 3699 504 3772 reddunt
524 3723 591 3770 nee
612 3721 738 3787 revera
757 3694 803 3768 ab
826 3694 942 3768 altero
962 3696 1151 3768 redactore
1177 3707 1343 3793 receptae
1372 3708 1470 3781 sunt,
1493 3695 1554 3792 qui
1579 3696 1848 3769 enarrationem
1871 3720 1939 3769 non

348 3832 465 3906 solum
486 3830 707 3904 intrinsecus
719 3827 1016 3928 probabiliorem,
1035 3829 1099 3900 sed
1120 3827 1230 3901 etiarn
1247 3827 1361 3900 multo
1377 3828 1597 3900 exactiorem
1617 3827 1777 3928 reliquit.
1802 3830 1861 3903 Sic
1880 3853 1939 3901 ae*-

347 3965 514 4037 dilicatae
538 3963 640 4034 urbis
665 3962 975 4034 Karka-d-Ledau
995 3961 1192 4059 descriptio
1208 3963 1233 4047 ⁴,
1256 3961 1405 4033 nomina
1428 3961 1685 4059 episcoporum
1711 3987 1794 4034 cum
1819 3965 1855 4034 S.
1883 3961 1939 4034 Si-

347 4124 474 4172 meone
506 4095 712 4169 occisorum
727 4096 753 4181 ²,
784 4119 903 4167 sermo
934 4098 972 4166 S.
1005 4095 1187 4167 Simeonis
1222 4094 1266 4167 de
1298 4094 1493 4166 haereticis
1525 4094 1686 4167 vitandis
1720 4121 1794 4168 non
1825 4094 1938 4168 solum

345 4293 435 4353 illius
453 4292 577 4351 honore
592 4289 716 4351 tributa
735 4309 803 4350 non
823 4287 991 4350 reddimus
1010 4298 1041 4349 et
1062 4293 1161 4369 quasi
1179 4288 1246 4370 filii
1259 4290 1345 4370 regis
1364 4310 1387 4349 α
1404 4289 1614 4372 vectigalibus
1635 4291 1796 4352 immanes
1816 4310 1935 4351 sumus.

406 4398 415 4436 ⁴
430 4397 507 4478 Me„
521 4416 607 4458 num.
620 4401 670 4458 26.
681 4396 778 4459 Juxta
791 4394 943 4471 Nbldeke,
957 4416 1009 4477 op.
1027 4398 1092 4472 cit,
1105 4414 1138 4477 p.
1153 4401 1202 4467 55,
1216 4393 1491 4457 Karka-dueum
1505 4395 1590 4459 idem
1603 4405 1654 4458 est
1665 4416 1704 4460 ac
1716 4396 1801 4458 Eran
1817 4396 1938 4461 Churra

347 4505 452 4587 Sapur
473 4502 662 4587 significans
687 4502 791 4585 Sapor
813 4512 845 4564 et
866 4510 952 4564 terra
975 4502 1056 4577 eius,
1076 4501 1286 4584 probabiliter
1307 4501 1418 4563 eadem
1441 4501 1554 4564 civitas
1578 4511 1628 4565 est
1648 4524 1731 4587 quae
1752 4503 1785 4565 in
1809 4529 1822 4559 a
1844 4503 1938 4565 Libro

346 4612 471 4695 Regum
488 4635 502 4666 n
524 4608 611 4670 lules
626 4608 726 4683 Mohl,
740 4608 786 4670 Le
801 4609 881 4671 livre
895 4609 952 4671 dea
966 4608 1046 4671 Rois
1053 4628 1124 4690 par
1141 4605 1368 4670 Abou'llrasr‘m
1387 4606 1554 4670 Firdousi.
1572 4607 1751 4672 Collection
1765 4607 1936 4680 Orientale,

345 4727 368 4780 t.
383 4717 423 4792 V,
435 4737 468 4800 p.
484 4718 558 4791 4733
573 4716 676 4792 Paria,
693 4721 781 4777 1866.
797 4702 905 4821 c,istd
923 4697 989 4835 ph<
996 4714 1284 4776 Kanum-i·hsiran
1300 4714 1481 4844 appellatur
1495 4724 1623 4799 atquea
1639 4714 1761 4800 Sapore
1776 4716 1809 4778 in
1823 4713 1938 4779 Ahwaz
2038 4720 2039 4735 ¹

345 4857 510 4921 aedificata
537 4879 608 4920 esse
637 4857 762 4920 dicitur.
789 4857 911 4920 Nomen
933 4866 1039 4919 autem
1061 4878 1080 4918 a
1103 4856 1239 4940 captivis
1263 4838 1371 4951 (μμ)
1396 4866 1491 4920 nacta
1518 4867 1578 4933 est,
1606 4859 1662 4940 qui
1685 4858 1824 4921 testibus
1850 4857 1939 4920 Actis
2038 4916 2039 4925 ,

346 4964 429 5046 MS²
443 4965 497 5046 ib.)
514 4984 553 5027 ex
567 4962 728 5041 Armenia,
747 4962 932 5037 Kurdistan,
950 4963 1069 5026 Arabia
1090 4963 1290 5046 imperioque
1309 4964 1453 5026 Romano
1475 4963 1550 5027 illuc
1573 4964 1733 5048 deportati
1754 4974 1840 5028 sunt.
1862 4964 1938 5026 Des·

343 5070 458 5155 eriptio
475 5072 566 5134 urbis
585 5070 733 5134 fundatae
749 5071 781 5132 in
796 5078 934 5132 mentem
955 5079 1083 5132 revocat
1097 5070 1317 5153 expeditiones
1332 5070 1442 5154 lingua
1457 5071 1620 5153 assyriaea
1631 5074 1724 5155 girrc
1738 5080 1938 5154 nuncupatae

343 5198 457 5263 regum
477 5175 629 5260 Assyriae
649 5187 680 5240 et
694 5176 900 5259 Babyloniae,
919 5175 974 5259 qui
995 5175 1107 5239 eodem
1121 5197 1255 5260 prorsus
1275 5176 1369 5239 modo
1386 5177 1531 5260 captivos
1551 5178 1720 5261 regionum
1741 5177 1937 5240 diversarum
2038 5184 2039 5251 ζ

342 5306 401 5347 eon
429 5307 461 5347 rc
489 5306 592 5347 avere.

400 5306 663 5475 lgEyiiseoporum
683 5393 813 5454 nomina
827 5391 906 5453 haec
921 5400 996 5452 sunt
1012 5412 1019 5452 ε
1039 5392 1065 5471 1)
1081 5390 1153 5452 Duo
1173 5390 1317 5474 episcopi
1335 5392 1517 5474 provinciae
1537 5390 1672 5474 Maydan
1688 5412 1745 5454 seu
1759 5391 1934 5462 Messenes,

341 5497 558 5561 meridionalis
574 5498 676 5581 partis
690 5497 953 5581 Mesopotamiae,
967 5518 1049 5580 quae
1064 5506 1139 5579 post
1153 5517 1271 5560 annum
1285 5504 1341 5560 129
1351 5508 1424 5561 ante
1436 5497 1513 5561 Chr.
1526 5497 1657 5561 liheraa
1669 5498 1936 5562 Seleucidislaeta

339 5613 496 5688 astatque
513 5624 650 5690 regnum
665 5604 715 5666 sui
734 5604 814 5666 iuris
829 5604 947 5667 mansit
967 5623 1070 5686 usque
1086 5602 1126 5665 ad
1142 5623 1259 5665 annum
1276 5608 1335 5665 226
1350 5612 1425 5687 post
1439 5603 1530 5680 Chr.,
1551 5624 1615 5688 quo
1629 5603 1694 5666 sere
1711 5613 1857 5688 tempore
1870 5612 1934 5667 tota
2038 5622 2039 5663 ι

338 5711 429 5794 regio
450 5712 491 5773 ab
515 5710 650 5774 Ardadir
674 5731 751 5796 rege
770 5711 875 5795 primo
897 5711 1069 5773 Persarum
1089 5719 1184 5793 atque
1208 5710 1373 5774 conditore
1395 5710 1561 5793 dynastiae
1587 5710 1836 5775 Sassanidarum
1857 5710 1933 5774 sub·
2038 5724 2039 5727 ’
