4108 6458
357 506 426 595 ,eu
901 493 1145 559 pestremo
1165 530 1206 545 -
1228 493 1369 562 curor
1391 499 1432 560 ιι.

367 699 482 765 iffi&
492 693 530 764 ὡ
542 700 593 766 032
604 698 712 767 μή
726 686 810 760 (5*Ῐο
820 686 886 761 «Μ.
905 696 970 757 ³4¹5
982 686 1070 760 qamt
1081 695 1183 759 ὼ
1194 693 1283 761 κὸθῑώ
1298 695 1426 762 ἵκω-ΒΡ
1442 690 1572 763 xm
1587 695 1717 763 xm
1729 698 1805 764 (Ν
1813 692 1880 766 κὼῖ
1896 693 1951 767 llil

538 811 767 876 omem»
782 809 982 877 :ot-efflat
995 800 1213 877 memnii
1228 804 1327 869 ‚uua
1338 803 1411 877 ,ss
1423 806 1952 879 ωωιῡαωωῐιᾱὴ

443 925 515 1014 Epo
546 931 660 990 autem
690 916 771 1011 (vir)
801 918 895 987 lonis
925 919 1106 988 destitutus
1129 931 1161 989 et
1178 942 1310 1010 paruae
1332 920 1494 989 scientiae
1516 918 1664 1014 (homo),
1683 922 1744 1013 qui
1764 923 1853 1006 lr-aec,
1877 946 1953 1014 puae

370 1055 549 1148 inpenium
579 1076 689 1123 mcum
717 1046 890 1144 superant,
912 1052 1045 1144 scripsi,
1065 1051 1159 1121 laud
1178 1062 1298 1121 temere
1323 1052 1368 1121 acl
1390 1053 1472 1122 laec
1495 1053 1639 1123 dicenda
1653 1054 1813 1146 processi,
1839 1056 1893 1125 scd
1915 1079 1954 1124 cc

369 1191 511 1258 caritate
533 1186 580 1256 ad
606 1209 646 1255 ca
675 1184 911 1275 earrsipnanda
936 1184 1071 1267 accessi,
1098 1194 1136 1253 ut
1154 1185 1294 1254 societas
1319 1187 1633 1277 peccaminositatis
1655 1209 1749 1256 meae
1765 1210 1876 1256 eorum
1896 1210 1954 1256 me·

370 1321 480 1390 maria
505 1320 664 1411 eripietur
695 1327 795 1409 atque
825 1317 870 1386 ad
894 1318 1077 1387 utilitatem
1106 1327 1136 1386 et
1162 1317 1432 1387 exhortationem
1460 1319 1544 1400 eius,
1571 1320 1632 1410 qui
1655 1319 1894 1411 lepereamat,
1920 1330 1955 1387 ut

370 1462 547 1545 copnascat
571 1462 739 1521 certamen
761 1461 793 1519 et
812 1451 1001 1533 uictoriam,
1021 1449 1058 1519 in
1086 1450 1207 1541 quibus
1231 1450 1469 1542 Ss..llartpres
1494 1450 1642 1522 Orientis
1665 1453 1815 1522 stabant.
1841 1453 1955 1536 Quodsi

369 1609 478 1656 sermo
504 1596 616 1655 noster
637 1588 756 1675 saturis
778 1584 835 1666 sit,
863 1583 1012 1652 saliatur
1034 1583 1205 1673 sanquine
1228 1583 1345 1653 mortis
1372 1606 1503 1666 earum,·
1522 1584 1555 1651 si
1575 1584 1750 1654 enarratio
1774 1596 1887 1654 nostra
1904 1586 1955 1656 in-

370 1719 497 1811 sipiens
519 1721 573 1801 sit,
597 1717 712 1808 sapiat
732 1716 893 1808 passione
916 1717 1028 1785 caedis
1049 1738 1175 1787 aarum.
1195 1716 1459 1786 Enarrationem
1475 1717 1566 1786 enim
1584 1718 1798 1809 passionum,
1819 1729 1955 1788 memen-

372 1862 492 1936 torum,
514 1850 741 1943 (inpellerent,
765 1848 1037 1933 tribulationum,
1061 1849 1227 1931 caedium,
1253 1849 1514 1941 lapidationem,
1539 1851 1677 1934 amoris,
1695 1852 1882 1942 patientiae
1905 1873 1956 1919 oc·

371 2006 553 2076 rarumque
566 2004 803 2074 responsorum
823 1982 993 2051 iudicibus
1017 1982 1225 2051 redditorum
1240 2005 1257 2050 e
1275 1983 1399 2074 scripto
1417 2005 1534 2052 verace
1552 1982 1812 2075 desumpsimus,
1827 1993 1955 2075 patrum
2029 2064 2030 2081 χ

372 2116 631 2208 inoestipatione
650 2124 791 2207 reperta,
816 2114 903 2207 quod
923 2115 999 2185 licet
1019 2114 1107 2206 stplo
1125 2114 1267 2204 culpari
1284 2116 1509 2205 conscriptum
1525 2137 1584 2185 nec
1602 2126 1657 2185 sat
1678 2115 1830 2186 lucidum
1848 2117 1952 2207 fecerit,

371 2273 416 2318 eac
438 2249 499 2318 illo
523 2248 678 2339 ca·cmpla
698 2249 786 2317 lianc
807 2271 923 2317 eorum
947 2247 1088 2341 effipiem
1106 2257 1339 2340 praestantem
1363 2258 1394 2316 et
1415 2269 1577 2338 mapnam
1603 2248 1783 2318 uictoriam
1808 2259 1840 2318 et
1860 2248 1956 2317 soler-

374 2382 458 2451 tiam
474 2381 659 2472 ploriasam
673 2380 887 2472 fortitudinis
906 2402 1021 2448 eorrrm
1041 2380 1289 2462 constituimus,
1307 2379 1347 2448 dc
1362 2403 1430 2472 quo
1444 2403 1480 2450 rc
1500 2382 1537 2450 in
1552 2382 1667 2472 primo
1686 2391 1799 2450 nostro
1820 2402 1957 2450 sermone

372 2514 570 2606 scripsimus
601 2524 633 2583 et
655 2536 840 2583 sermonem
863 2524 1016 2582 nastrum
1039 2512 1085 2581 ad
1107 2535 1220 2581 omncs
1238 2524 1372 2582 sanctos
1398 2523 1565 2605 martyres
1590 2515 1738 2584 locorum
1761 2514 1957 2583 diuersorum

375 2647 523 2717 Orientis
542 2647 770 2716 entendimus.
788 2648 832 2715 Et
850 2647 1011 2738 qnoniam
1031 2668 1098 2715 non
1109 2646 1284 2738 potuimus
1298 2646 1500 2715 senteutiam
1519 2648 1556 2717 in
1575 2669 1847 2739 unumquemque
1862 2647 1955 2716 latam
2029 2660 2030 2695 r

372 2792 404 2850 et
425 2780 557 2850 caedem
580 2790 611 2849 et
633 2782 773 2849 uomina
796 2781 948 2849 omnium
973 2779 1116 2870 definire
1137 2790 1169 2848 et
1182 2802 1359 2871 erponerc,
1379 2780 1468 2849 lanc
1486 2780 1525 2848 ol
1543 2801 1682 2849 causam
1704 2780 1836 2850 iudicia
1853 2800 1955 2849 eorum

372 2914 480 2983 veluti
501 2936 609 2982 unum
634 2923 747 2983 actum
774 2913 970 2983 iudicialem
989 2915 1217 3003 conpessimus
1247 2912 1472 3004 victoriasque
1497 2913 1587 2982 uelut
1611 2913 1786 2982 uictoriam
1810 2934 1912 2982 unam
1930 2919 1956 2979 et

372 3046 607 3138 fortitudinem
632 3057 663 3116 et
686 3046 834 3137 pluriam
865 3056 896 3114 et
917 3046 1038 3115 lanum
1062 3046 1213 3137 ipsorum
1240 3046 1277 3113 iu
1299 3045 1432 3116 Christo
1460 3046 1667 3137 martyrium
1691 3069 1867 3116 coruscare
1882 3043 1956 3136 secl·

374 3202 460 3263 mus,
480 3180 623 3271 perinde
642 3201 682 3248 ac
701 3182 732 3250 si
750 3179 983 3249 condemnatio
999 3180 1186 3248 eommunis
1207 3179 1244 3247 iu
1259 3200 1376 3270 *omnes
1396 3178 1526 3248 decreta
1545 3190 1640 3248 esset.

449 3337 467 3380 u
495 3314 561 3383 Nec
579 3312 752 3382 caristimet
776 3312 876 3380 lector
901 3334 951 3395 ea,
974 3335 1060 3403 quac
1084 3313 1120 3380 in
1140 3334 1292 3381 sermone
1312 3322 1423 3380 nostra
1432 3311 1547 3403 primo
1566 3313 1847 3404 conscripsimus,
1871 3319 1957 3380 ante·
2029 3300 2030 3385 l

376 3579 543 3669 siplsontis
576 3589 607 3647 et
636 3600 763 3668 mapna
795 3577 904 3659 caede,
934 3599 1020 3668 quae
1048 3581 1140 3668 [acta
1167 3588 1215 3646 est
1241 3580 1278 3647 iu
1312 3587 1480 3668 martyres
1512 3577 1550 3646 in
1579 3578 1746 3647 territoria
1774 3578 1959 3669 prouinciae

374 3445 468 3515 rioro
490 3468 561 3513 esse
584 3445 708 3514 tributo
731 3446 844 3535 pentis
876 3455 1011 3513 nostrae
1031 3455 1062 3513 et
1087 3446 1252 3515 occisione
1279 3443 1447 3514 Simeonis
1471 3444 1618 3536 episcopi
1645 3445 1820 3515 Seleuciae
1848 3455 1878 3513 et
1897 3443 1958 3513 cn·

2029 3594 2030 3629 l

376 3712 579 3781 Husitarum
605 3734 696 3780 anno
723 3712 772 3782 32
799 3710 948 3801 Saporis,
975 3710 1065 3801 repis
1085 3714 1278 3793 Persarum,
1303 3711 1360 3780 sed
1384 3711 1443 3779 lroc
1465 3710 1578 3801 ipsum
1600 3720 1729 3801 tempus
1756 3710 1895 3779 initium
1920 3716 1960 3775 est
2029 3716 2030 3803 l

371 3844 617 3938 persecutionis
643 3854 788 3913 nostrae.
814 3842 1088 3913 Fundamentum
1111 3844 1202 3913 euim
1228 3844 1328 3915 initio
1354 3844 1503 3913 sermoni
1531 3853 1644 3912 nostro
1668 3845 1919 3913 construximus
1936 3847 1961 3907 et

377 3988 457 4047 tunc
492 3979 648 4067 oppressi
682 3998 800 4046 sumus
835 3976 979 4046 breuiter
1008 3976 1179 4046 ostendere
1205 3999 1395 4069 paucarum
1424 3999 1469 4045 ecc
1497 3976 1544 4045 eis
1580 3990 1729 4059 mortem,
1768 3977 1885 4047 noum
1911 3969 1962 4065 pul
2029 4006 2030 4039 ι

380 4111 417 4178 in
443 4110 524 4180 locis
547 4109 640 4179 nolis
654 4110 828 4201 proximis
851 4121 1028 4179 eraut.....
1100 4117 1105 4126 ‘

451 4247 495 4312 Et
523 4224 670 4333 forsitan
700 4242 788 4311 dices
820 4268 831 4312 ε
858 4243 920 4313 Uli
950 4253 1031 4311 sunt
1064 4241 1300 4311 tribulationes
1329 4252 1360 4310 et
1394 4241 1567 4311 erriciatus
1601 4242 1716 4311 amari
1747 4252 1779 4310 et
1808 4242 1962 4335 pessimae

378 4386 508 4457 mortes,
536 4397 622 4466 quae
640 4377 678 4444 in
697 4397 848 4444 sermone
860 4375 975 4467 primo
998 4373 1165 4465 descripta
1191 4370 1299 4443 sunt?
1317 4374 1419 4444 Sinat
1445 4384 1557 4443 tamen
1584 4374 1644 4466 qui
1666 4371 1756 4471 (loc)
1775 4375 1910 4453 dicerit,
1932 4379 1962 4438 ut
2029 4438 2030 4441 ,

377 4511 409 4580 ei
421 4507 698 4601 persuadeamus,
723 4531 781 4577 nos
803 4509 944 4577 nonnisi
964 4530 1092 4600 paucos
1118 4532 1135 4575 e
1157 4507 1323 4599 plurimis
1349 4509 1385 4577 in
1411 4508 1518 4577 lucem
1533 4514 1688 4600 proferre
1705 4512 1868 4600 potuisse.
1892 4507 1961 4576 Om-
2029 4534 2030 4537 ¹

380 4664 438 4710 nes
463 4641 509 4721 lii,
529 4641 590 4732 qui
610 4642 647 4711 in
670 4643 772 4710 Porta
791 4641 881 4732 repis
899 4604 1001 4710 occisi
1023 4650 1113 4723 sunt,
1138 4663 1215 4708 ense
1236 4640 1364 4710 sublati
1380 4651 1470 4723 sunt,
1491 4641 1551 4732 pai
1574 4663 1651 4709 vcro
1672 4643 1831 4711 manitus
1848 4643 1962 4730 llopto

381 4775 481 4843 rum*
504 4775 705 4857 ceciderunt,
736 4798 879 4866 (priorum
908 4796 967 4843 nec
993 4777 1133 4843 nomina
1156 4795 1214 4841 nec
1236 4772 1410 4842 domicilia
1440 4773 1534 4841 nabis
1567 4776 1752 4856 innotuere,
1778 4772 1918 4844 cruciati
1937 4776 1962 4835 et

380 4906 537 4975 tribulati
560 4920 654 4998 sunt,
671 4910 724 4978 uti
753 4907 971 5000 scripsimus,·
986 4907 1143 4998 plurima
1169 4917 1282 4975 autem
1313 4916 1553 4976 tormentorum
1583 4908 1736 4985 istarum,
1766 4918 1797 4976 et
1821 4905 1961 5000 priorum

378 5040 589 5129 passionum,
618 5063 703 5132 quas
732 5040 1016 5132 computavimus,
1037 5052 1141 5131 prout
1167 5043 1331 5110 ueraciter
1354 5039 1461 5109 edocti
1488 5062 1618 5121 sumus,
1641 5039 1837 5110 auctoribus
1856 5031 1962 5127 Moptis

377 5171 537 5262 pessimis
562 5175 598 5243 in
627 5175 767 5243 urbibus
787 5172 947 5249 Persidis,
972 5173 1032 5264 qui
1050 5172 1172 5241 ibidem
1199 5172 1475 5254 dominabantur,
1495 5182 1691 5263 perpetrata
1713 5182 1794 5241 sunt
1818 5175 1855 5243 in
1879 5187 1962 5238 mar·

380 5314 484 5397 tpres,
512 5306 575 5374 Dei
602 5330 724 5376 servos.
753 5309 797 5376 Et
820 5306 907 5398 quod
933 5304 979 5374 ad
1003 5304 1148 5395 reliquos
1175 5315 1342 5397 martpres
1370 5307 1501 5386 attinet,
1528 5328 1671 5396 puerum
1700 5305 1854 5375 omnium
1884 5319 1962 5370 mat·

439 5524 447 5560 ⁴
465 5543 576 5598 m
596 5544 613 5588 e
633 5523 868 5609 priscopersieo
890 5542 967 5605 mag
985 5523 1022 5599 -Ι-
1040 5521 1114 5584 had.
1133 5542 1210 5605 mag
1224 5550 1261 5578 --
1276 5522 1405 5608 Magus,
1423 5544 1513 5607 μῳ
1531 5522 1657 5586 Thalrn.
1678 5537 1829 5599 mmmm
1845 5518 1904 5585 bad
1922 5514 1960 5578 si·

380 5629 512 5711 gnificat
528 5631 728 5716 dignitatern,
747 5650 874 5694 munus.
892 5627 971 5693 Voci
989 5627 1131 5711 syriacae
1149 5630 1378 5715 correspondet
1394 5642 1466 5719 ³35²
1484 5631 1659 5715 designans
1677 5629 1827 5705 iudicem,
1844 5625 1958 5710 supien-
2029 5680 2030 5725 p

379 5742 454 5809 tem,
472 5756 614 5822 magum.
