4120 6458
261 493 541 558 SCRIPTORUM
565 490 831 557 TESTIMONIA
852 492 908 556 DE
932 490 1205 563 BARDESANIS
1227 491 1339 569 VITA,
1365 494 1572 559 SCRIPTIS.
1659 501 1717 558 loo

124 674 236 746 sario*
255 673 389 747 iterum
408 674 536 760 citata;
560 699 641 745 cum
661 674 768 744 annis
791 674 882 745 1813
904 686 940 746 et
963 674 1055 745 1847
1077 677 1244 746 Museum
1268 673 1518 747 Britannicum
1538 675 1616 748 iuro
1636 702 1716 748 em-

22 884 23 903 ,
122 807 257 906 ptionis
274 807 470 906 acquisivit
491 805 751 880 bibliothecam
776 807 956 905 syriacam
981 831 1000 879 e
1028 806 1174 879 deserto
1199 807 1338 879 Nitriae
1363 807 1400 879 in
1419 810 1599 908 AEgypto,
1622 836 1715 907 quae

22 940 23 975 ³
122 942 214 1014 inter
233 941 305 1013 alia
325 940 536 1013 continebat
560 940 780 1012 Bardesanis
800 941 1017 1037 opusculum
1037 940 1148 1038 quod,
1169 940 1238 1012 suh
1257 940 1365 1014 titulo
1383 947 1430 1013 Dc
1449 945 1579 1036 lapibus
1601 947 1715 1038 reqio-

122 1102 213 1163 num,
234 1074 433 1173 praebebat
452 1073 575 1146 omnia
595 1086 766 1171 excerpta
785 1074 831 1146 ab
847 1074 1007 1146 Eusebio
1022 1072 1169 1146 tradita.
1193 1078 1246 1147 De
1266 1075 1335 1147 hoc
1356 1100 1466 1173 opere
1485 1075 1604 1149 fusius
1621 1076 1714 1151 infra

122 1209 283 1282 dicemus
301 1211 349 1307 (p.
374 1209 443 1280 517
465 1212 577 1306 sqq).

22 1324 23 1327 Ἴ
193 1341 312 1414 Musei
336 1341 537 1414 Britannici
559 1340 686 1414 eadem
706 1340 873 1414 collectio
891 1341 1013 1440 operis
1036 1340 1226 1413 cuiusdam
1247 1340 1480 1427 Bardesanis,
1504 1343 1541 1415 in
1561 1344 1716 1442 epistola

22 1532 23 1543 ,
121 1474 269 1575 Georgii
296 1474 459 1574 episcopi
486 1474 648 1546 Arabum
675 1474 795 1562 citati,
821 1473 1068 1571 fragmentum
1089 1472 1316 1562 continebat;
1338 1475 1382 1548 de
1407 1475 1476 1548 hoc
1497 1477 1606 1549 etiam
1632 1478 1715 1551 vide

121 1609 213 1682 inlra
232 1608 314 1703 (col.
333 1609 434 1705 612).

194 1825 228 1894 5.
257 1821 486 1894 Bardesanes
511 1821 580 1893 luit
604 1820 712 1893 modo
737 1819 958 1915 haereticus,
987 1821 1130 1895 haeresi
1156 1821 1296 1895 seilicet
1320 1822 1507 1896 Valentini
1531 1823 1714 1903 addictus,

121 1955 227 2028 modo
245 1952 488 2041 orthodoxus,
511 1954 677 2027 scribens
697 1954 875 2027 adversus
890 1979 1017 2027 omnes
1038 1954 1260 2039 haereticos,
1284 1980 1426 2053 negans
1445 1968 1569 2028 tamen
1589 1983 1716 2030 resur-

22 2128 23 2159 r
120 2088 318 2161 rectionem
348 2112 554 2185 corporum,
585 2086 780 2187 quamdam
806 2087 1027 2187 peculiarem
1054 2087 1257 2161 doctrinam
1282 2088 1431 2162 tradens
1459 2088 1503 2162 de
1531 2091 1716 2164 creatione

119 2221 244 2294 mundi
264 2234 301 2294 et
320 2221 365 2294 de
386 2246 537 2319 corpore
562 2220 688 2295 Verbi.
719 2222 772 2294 De
791 2221 850 2294 his
876 2221 1111 2294 consentiunt
1130 2234 1313 2309 caeterea,
1341 2224 1406 2296 sed
1428 2223 1465 2295 in
1485 2223 1610 2296 multis
1629 2223 1713 2296 dis-

119 2355 307 2428 sentiunt:

193 2491 298 2560 quta
320 2487 666 2586 Philosophumena,
694 2487 841 2585 quidam
868 2484 1071 2585 Ἀρδνσιοίνης
1096 2487 1376 2586 (Bardesanesi)
1399 2488 1446 2560 ad
1462 2489 1625 2562 scholam
1644 2493 1713 2564 Va-

22 2604 23 2629 *
119 2621 248 2694 lentini
275 2620 476 2719 pertinens,
508 2620 641 2693 asserit
669 2620 858 2718 spirituale
886 2646 968 2694 esse
1003 2646 1136 2719 eorpus
1169 2621 1369 2694 Salvatoris
1395 2626 1461 2713 (vr,
1496 2612 1556 2711 35,
1589 2629 1630 2695 P.
1671 2628 1712 2700 G.

22 2840 23 2857 ,
119 2767 145 2829 t.
161 2757 261 2839 XVI,
279 2754 348 2827 col.
364 2754 485 2849 3250),
499 2766 536 2826 et
551 2754 782 2826 adversarius
796 2767 853 2826 est
867 2755 1043 2852 Preponis
1062 2754 1206 2853 Assyrii
1220 2758 1297 2847 (vu,
1316 2755 1376 2840 31,
1394 2759 1481 2827 Ibid.
1500 2755 1569 2829 col.
1589 2757 1713 2839 3331).

194 2892 297 2960 quta
316 2887 527 2974 Eusebium,
548 2887 775 2960 Bardesanes
787 2887 973 2962 Valentini
990 2887 1137 2960 scholae
1153 2888 1271 2986 primo
1286 2887 1468 2974 addictae,
1488 2914 1567 2962 earn
1583 2889 1715 2964 deinde

122 3021 284 3094 descruit
307 3034 344 3094 et
368 3021 613 3120 impugnavit3
637 3020 706 3092 luit
727 3045 819 3119 ergo
843 3021 1081 3105 orthodoxus
1105 3020 1169 3093 sed
1190 3021 1365 3119 prist-inae
1392 3023 1588 3095 haereseos
1610 3036 1716 3096 notas

122 3180 195 3228 non
210 3155 358 3252 penitus
374 3155 524 3227 extersit
541 3185 548 3227 :
564 3158 602 3233 ἦν
616 3151 647 3225 d'
667 3166 724 3253 ἄρα
743 3158 828 3237 οὗτος
845 3160 987 3253 πρότερον
1005 3169 1060 3237 τῆς
1079 3157 1160 3226 κατὰ
1180 3160 1385 3227 Οὐαλεντῖνον
1406 3168 1531 3253 σχολῆς,
1548 3164 1718 3255 καταγνοὺς

122 3287 155 3360 δὲ
169 3300 302 3378 ταύτης,
318 3292 458 3360 πλεῖστοί
481 3320 516 3360 τε
537 3303 591 3370 τῆς
614 3291 697 3359 κατὰ
712 3303 818 3359 τοῦτον
837 3293 1013 3386 μυθοποιίας
1032 3292 1212 3387 ἀπελέγξας,
1234 3286 1331 3360 ἐδόκει
1350 3297 1404 3384 μέν
1422 3321 1487 3372 πως
1507 3296 1599 3373 αὐτὸς
1618 3296 1716 3381 ἑαυτῷ

122 3428 171 3493 ἐπὶ
186 3430 241 3501 τήν
255 3428 414 3519 ὀρθοτέραν
431 3433 551 3521 γνώμην
570 3428 807 3519 μετατεθεῖσθαι,
820 3432 853 3493 οὐ
869 3432 928 3519 μὴν
942 3436 993 3495 καὶ
1008 3435 1168 3506 παντελῶς
1183 3454 1218 3520 γε
1233 3426 1425 3519 ἀποῤῥύψκτο
1442 3430 1496 3495 τὸν
1510 3440 1567 3507 τῆς
1580 3436 1716 3508 παλαιᾶς

122 3562 261 3653 αἱρέσεως
284 3559 412 3652 penest.

196 3692 223 3762 E
240 3690 437 3775 contrario,
455 3690 555 3763 iuxta
573 3691 829 3790 Epiphaniam,
852 3690 1081 3763 Bardesanes
1097 3691 1214 3790 primo
1230 3692 1455 3765 orthodoxus
1470 3692 1538 3765 luit
1555 3706 1592 3765 ot
1611 3694 1716 3791 quasi
1801 3763 1804 3768 .

124 3822 205 3895 fidei
234 3824 483 3897 consessorem
511 3848 550 3898 se
578 3824 763 3921 praebuit,
785 3836 825 3896 ut
851 3849 963 3923 supra
990 3823 1161 3896 diximus.
1186 3826 1301 3897 Multa
1328 3826 1476 3924 scripsit
1500 3851 1607 3898 verae
1632 3825 1717 3898 fidei

124 3970 380 4043 consentanea,
404 3957 470 4030 sed
487 3957 619 4031 deinde
644 3958 681 4029 in
704 3957 889 4032 Valentini
914 3983 1056 4031 errores
1083 3958 1212 4030 incidit
1232 3972 1268 4032 et
1287 3973 1511 4032 mortuorum
1537 3985 1717 4032 resurrec-

123 4090 259 4163 tionem
279 4091 442 4189 negavit.

22 4326 23 4333 ἵ
194 4229 299 4297 quta
315 4226 353 4297 S.
373 4225 634 4323 Hieronymum
657 4229 938 4298 :Bordcaoaea..
951 4229 1284 4320 primumVoleatini
1301 4239 1443 4299 rectator
1462 4228 1582 4299 deinde
1601 4232 1716 4321 coosu-

22 4378 23 4407 ³
122 4372 220 4444 tator,
244 4383 366 4431 novom
387 4363 457 4453 ipse
477 4361 642 4430 haeresim
662 4362 849 4433 condidit³.

193 4495 233 4564 ln
249 4491 398 4590 dialogo
418 4491 627 4564 Adamantii
647 4493 692 4565 de
715 4505 813 4565 rocta
836 4492 872 4564 in
894 4493 1010 4565 Deum
1030 4492 1119 4577 fide,
1143 4492 1291 4590 quidam
1312 4492 1552 4565 Bardesanita
1568 4493 1714 4566 nomino

122 4626 297 4709 MarinuS,
326 4639 438 4724 negat
462 4625 598 4698 malum
620 4629 735 4699 aDeo
759 4639 921 4699 creatum
945 4625 1076 4713 fuisse,
1104 4598 1329 4700 atvertum
1354 4652 1500 4700 carnem
1519 4626 1715 4699 humanam

122 4759 336 4857 sumpsisse,
354 4784 498 4832 necnon
522 4759 643 4832 carnis
662 4759 1005 4832 resurrectionem.
1089 4814 1091 4818 ψ

179 5089 326 5150 *lateran
341 5086 500 5163 CIX·CX;
516 5087 557 5149 P.
576 5088 615 5152 G.
636 5098 660 5152 t.
682 5087 858 5164 XXXVIII,
877 5087 937 5150 col.
960 5091 1104 5151 977-988.
1126 5087 1166 5149 Hi
1181 5098 1317 5171 quatuor
1334 5097 1440 5152 textus
1459 5088 1583 5151 sciIIeet
1604 5109 1611 5150 t
1634 5088 1715 5150 Bar-

122 5191 253 5257 desanes
265 5195 298 5256 In
312 5194 529 5278 germanicam
539 5195 684 5279 linguam
694 5194 881 5270 translatam,
899 5193 1069 5269 Eusebius,
1084 5193 1334 5277 Recognitiones
1349 5204 1381 5258 et
1392 5195 1563 5258 Caesarius
1576 5195 1715 5257 citantur

121 5299 159 5362 ab
173 5300 371 5384 Hilgenfeld,
384 5322 438 5384 pp.
453 5306 542 5364 8185
558 5305 731 5377 erm-121,
749 5302 782 5364 in
796 5301 917 5364 eisdem
932 5301 1072 5385 paginis,
1089 5311 1125 5365 ut
1138 5301 1303 5364 commode
1318 5301 1455 5364 conferri
1470 5301 1605 5384 possint.

178 5409 190 5445 ²
204 5407 246 5469 H.
264 5408 304 5470 Ε.
321 5405 376 5481 IV,
391 5410 440 5469 30.

178 5513 349 5576 ³lor,cd.

178 5620 189 5657 ⁴
202 5620 240 5683 P.
256 5619 295 5684 G.
305 5630 328 5683 1.
342 5619 398 5695 XI,
408 5621 470 5685 ool.
487 5626 561 5683 1711
578 5643 650 5706 sqq.
663 5632 693 5684 et
710 5622 914 5705 Bakhuysen,
926 5621 996 5685 Der
1009 5621 1133 5705 Dr‘alog
1145 5620 1202 5684 des
1217 5619 1452 5703 Adamantius,
1464 5621 1607 5706 Leipzig,
1623 5624 1710 5695 1001,

22 5770 23 5783 .
121 5742 173 5808 pp.
189 5749 220 5804 x,
238 5733 306 5803 116,
326 5733 393 5803 168,
412 5734 480 5805 170,
500 5735 567 5806 178,
585 5734 654 5806 201,
672 5734 742 5792 ato.
