4108 6458
271 479 327 543 DE
350 473 623 540 ARGUMENTO
646 473 700 537 ET
721 470 873 538 MUTUA
896 471 1141 537 RELATIONE
1164 473 1488 540 RECENSIONUM.
1621 485 1680 544 681)

82 685 224 763 ,xmus
245 689 308 737 *aas
328 683 411 752 ardet
435 675 481 733 113
505 701 512 733 2
536 690 612 752 333
640 684 668 740 ss
680 670 860 747 1133111333
883 681 948 740 1113
971 683 1036 731 ans
1054 673 1194 741 11133331
1221 691 1239 732 <r
1270 658 1339 735 1133
1372 678 1483 737 cotem
1513 693 1534 738 a
1564 684 1680 742 sancto

83 807 250 881 Soumoi'
280 803 431 895 episcopo
464 809 594 891 porrum
626 809 791 869 3313333
821 809 934 867 octono
959 797 1103 867 Bolroo
1128 798 1230 889 repit,
1253 799 1322 891 filii
1347 800 1536 892 1331139333,
1564 804 1681 897 (anno)

85 941 131 1012 89
160 936 390 1011 coronationis
414 955 529 1003 corum
554 961 586 1013 »,
608 929 670 1028 qui
695 944 752 1001 est
780 953 898 1000 annus
924 928 1118 1022 413133,
1142 941 1293 1002 octavus
1323 930 1467 1003 Babran
1497 933 1681 1032 3381389

85 1084 169 1171 post
188 1092 324 1143 anuum
344 1067 388 1138 31
412 1062 561 1161 Saporis
574 1059 713 1161 (34011)
733 1085 806 1159 quo
825 1086 921 1134 anno
942 1064 980 1134 S.
1001 1062 1149 1134 Simeon
1169 1061 1328 1135 testibus
1343 1063 1446 1135 Actis
1466 1067 1680 1165 martyrium

84 1205 244 1278 subiisse
264 1199 410 1274 dicitur.
429 1198 521 1269 Cum
540 1220 650 1295 porro
669 1200 815 1268 Soumoi
834 1209 972 1268 3333131
987 1195 1142 1281 dicatur,
1160 1206 1261 1293 patet
1280 1197 1373 1269 Acta
1395 1196 1466 1270 ista
1486 1213 1571 1296 post
1587 1226 1681 1274 mor·
1750 1240 1753 1245 ·

82 1353 157 1413 tem
174 1337 255 1410 eius
267 1331 474 1430 conscripta
486 1354 583 1413 esse,
600 1305 924 1413 terminustameu,
939 1328 1000 1426 qui
1017 1328 1293 1402 recentissimus
1309 1354 1391 1403 esse
1406 1343 1540 1429 potest,
1552 1335 1680 1433 nequit

83 1485 183 1546 certo
204 1468 296 1553 erui,
315 1491 387 1564 quo
403 1466 495 1537 Acta
515 1461 722 1561 conscripta
737 1461 827 1547 sint3
847 1460 1037 1560 probabile
1057 1473 1179 1534 autem
1194 1474 1251 1534 est
1267 1486 1310 1535 aa
1326 1476 1410 1536 ante
1430 1463 1577 1538 initium
1597 1492 1679 1540 333-

82 1604 154 1678 3311
169 1606 221 1677 Vl
237 1598 446 1697 conscripta
465 1620 562 1670 esse.
584 1594 765 1668 Recensio
788 1594 885 1668 euim
902 1594 965 1667 illa
987 1592 1025 1666 in
1044 1593 1236 1667 codicibus
1255 1607 1333 1666 tum
1352 1598 1582 1672 Nestorianis
1602 1612 1679 1673 tum

84 1734 293 1811 lacebiticis
308 1730 506 1815 invenitur,
524 1729 623 1826 quod
641 1727 726 1800 inde
742 1728 846 1800 31133
863 1726 1001 1801 3333311
1015 1730 1048 1801 V
1064 1727 1161 1799 haud
1181 1725 1287 1801 133113
1311 1729 1557 1828 contingeret.
1574 1733 1681 1806 Cata-

83 1872 194 1971 logus
208 1864 475 1941 haereticorum
492 1864 583 1955 (MS¹
595 1887 632 1933 u.
650 1861 709 1955 20)
728 1860 898 1959 antiquas
914 1873 1034 1933 sectas
1050 1860 1238 1934 dumtaxat
1255 1860 1446 1959 gnosticas
1464 1876 1502 1937 et
1514 1890 1680 1966 paganas

84 2002 245 2085 exhibet,
272 2022 365 2099 quae
395 2021 462 2095 pro
492 1993 696 2093 posteriore
728 1993 907 2092 scriptore
938 2006 1122 2067 momento
1153 2007 1336 2079 carerent,
1373 2019 1495 2069 sermo
1522 1997 1679 2096 denique

83 2132 370 2230 christologicus
393 2132 431 2203 S.
452 2127 634 2201 Simeonis
650 2152 772 2199 coram
794 2151 883 2226 rege
903 2124 1049 2199 habitus
1069 2127 1218 2199 omnino
1240 2127 1468 2202 orthodoxus
1489 2141 1559 2216 est,
1582 2132 1680 2229 quod

83 2280 251 2370 spectata
275 2263 410 2364 agendi
433 2262 574 2335 ratione
599 2259 878 2358 compilatorum
902 2260 1147 2358 posteriorum
1169 2259 1427 2358 inexplicabile
1457 2276 1568 2349 esset,
1599 2289 1681 2337 cum

83 2403 120 2476 hi
133 2401 259 2476 studio
275 2395 455 2497 singulari
474 2394 648 2493 dogmata
668 2392 739 2466 sibi
754 2392 947 2466 familiaria
962 2393 999 2464 in
1014 2418 1076 2465 333
1092 2392 1341 2492 antiquiorum
1360 2409 1553 2492 ponerent.
1574 2397 1682 2471 Chri-

84 2550 163 2610 stus
185 2534 327 2607 scilicet
339 2534 439 2603 Deus
459 2528 619 2601 ethome
638 2526 859 2611 declaratur,
877 2551 970 2623 quae
988 2525 1124 2599 locutio
1136 2526 1285 2625 quidem
1300 2527 1411 2600 etiam
1426 2529 1535 2603 modo
1552 2533 1684 2604 Nesto-

83 2669 274 2742 rianorum
294 2662 426 2763 exponi
454 2662 610 2760 potest²,
631 2660 735 2734 deest
757 2673 880 2732 tamen
906 2659 1126 2758 pugnacitas
1149 2659 1342 2758 polemico,
1362 2687 1471 2759 quam
1494 2665 1684 2738 Nestoria-

83 2828 154 2875 nus
178 2812 310 2874 auctor
329 2795 466 2870 saeculi
484 2797 532 2870 Vl
553 2793 612 2866 vel
629 2795 696 2868 Vll
717 2792 779 2865 vix
797 2793 985 2866 evitasset.
1012 2793 1191 2867 Receusio
1211 2818 1320 2892 porro
1344 2795 1490 2893 poetica
1513 2799 1589 2885 MS,
1611 2798 1683 2871 iam

84 2933 290 3033 antiquitus
305 2932 343 3003 in
358 2928 580 3002 breviarium
595 2925 853 3000 Nestorianum
869 2938 1016 3024 recepta
1031 2938 1088 2999 est
1107 2939 1143 2999 et
1161 2927 1222 2999 vix
1242 2928 1391 3000 saeculo
1410 2929 1482 3001 Vll
1502 2930 1684 3027 posterior

86 3094 169 3142 3333
194 3066 377 3139 vidctur³.
395 3061 565 3161 Vestigia
589 3059 719 3133 tertiae
741 3058 968 3132 recensionis
990 3083 1034 3131 ex
1057 3062 1134 3147 MS,
1149 3073 1250 3133 ortae
1275 3061 1376 3132 ‘Amr
1400 3061 1572 3149 servavit,
1592 3087 1684 3160 quae

89 3200 239 3275 saeculo
257 3199 416 3272 vul-lx
430 3205 510 3268 orta
528 3218 609 3268 esse
624 3192 769 3266 videtur
784 3203 821 3266 et
835 3192 1185 3291 exaggerationibus
1204 3194 1429 3291 portentosis
1447 3194 1576 3269 vitiata
1591 3200 1683 3269 est⁴.

161 3406 200 3478 9.
219 3400 327 3499 Quod
350 3400 395 3473 ad
415 3399 629 3472 relationem
649 3398 779 3471 attinet
808 3409 957 3469 mutuae
977 3395 1242 3494 dependentiae
1268 3401 1344 3487 MS,
1363 3410 1399 3471 et
1426 3402 1515 3487 MS„
1539 3424 1620 3474 eam
1649 3401 1686 3473 in

86 3536 328 3613 translatione
350 3534 450 3631 typis
470 3530 624 3604 cursivis
649 3529 910 3628 expressimus,
926 3528 1079 3627 proinde
1100 3529 1219 3603 eidem
1235 3532 1499 3606 examinandae
1525 3533 1584 3606 hic
1612 3534 1684 3608 loci

87 3668 372 3773 supersedemus
392 3678 561 3739 notantes
577 3665 653 3750 MS,
672 3662 807 3751 omnia,
830 3687 922 3761 quae
937 3662 1137 3736 narrationi
1154 3688 1242 3737 suae
1259 3664 1526 3738 conveniebant
1542 3692 1586 3740 ex
1609 3670 1684 3755 MS¹

87 3801 311 3903 excerpisse,
330 3799 389 3872 cui
411 3824 484 3871 non
504 3796 623 3869 solum
640 3795 678 3868 in
696 3794 881 3868 historicis
900 3795 1121 3869 narrationis
1135 3795 1302 3895 partibus
1318 3797 1415 3871 haud
1429 3824 1513 3872 raro
1528 3824 1686 3874 consen·

148 4008 157 4045 ⁴
170 4004 302 4069 Saumai
316 4003 377 4064 iste
393 4000 533 4064 occurrit
550 4000 583 4062 in
598 3999 722 4061 actibus
737 3997 944 4080 synodalibus
964 3997 1161 4061 labballahac
1175 4001 1214 4078 (3.
1230 4002 1352 4083 410120)
1369 4021 1432 4084 qua
1445 4002 1618 4086 episeopus
1633 4025 1683 4066 ur·

86 4114 138 4176 his
150 4111 269 4177 Karka
282 4108 412 4190 (Brenn,
424 4106 486 4168 dac
500 4105 594 4168 Buclt
607 4104 667 4167 dor
681 4105 865 4185 Synhodos,
883 4126 914 4188 p.
931 4107 980 4187 44)
992 4126 998 4179 ;
1012 4104 1044 4165 in
1059 4105 1139 4167 actis
1155 4105 1261 4169 lacobi
1277 4107 1394 4169 notarii
1411 4108 1565 4187 [custodis
1571 4109 1595 4188 1]
1611 4108 1686 4171 reli-

87 4219 183 4304 quias
205 4235 332 4300 quoque
352 4214 455 4277 sancti
470 4213 565 4274 huius
580 4211 735 4294 sepelisse
750 4219 909 4273 narratur.
926 4210 1046 4274 Contra
1062 4211 1094 4272 in
1111 4212 1192 4275 actis
1208 4213 1419 4294 synodalibus
1433 4214 1566 4278 11311133ε
1577 4217 1684 4279 catho-

86 4326 142 4389 lici
157 4326 252 4408 (quae
266 4320 407 4404 synodus
421 4319 650 4403 episcoporum
665 4318 697 4379 in
712 4316 1081 4400 Markabtad-Tayyaye
1099 4318 1210 4382 habita
1228 4327 1278 4382 est
1302 4329 1416 4403 quarto
1436 4321 1577 4384 Babram
1597 4323 1686 4406 ragis

86 4452 172 4494 anno
187 4429 337 4509 42314111)
354 4427 526 4510 episcopus
540 4424 659 4487 Karka
677 4424 768 4488 urbis
782 4424 901 4487 Narses
914 4423 1032 4487 dicitur
1047 4424 1176 4505 (Braun,
1194 4447 1246 4508 op.
1268 4428 1334 4502 cit,
1353 4448 1385 4510 p.
1403 4430 1464 4509 46).
1483 4428 1686 4512 Impossibile

87 4559 152 4600 non
169 4545 222 4599 331
234 4553 350 4596 nomen
364 4532 483 4596 Karka
498 4531 592 4593 aliam
611 4531 724 4593 urbem
739 4531 921 4618 designare,
938 4552 1012 4593 nam
1030 4530 1137 4594 Karka
1151 4531 1315 4615 epitheton
1331 4542 1400 4595 3331
1418 4534 1516 4596 trium
1532 4535 1658 4599 urbium
1677 4558 1683 4597 :

86 4643 226 4717 Maisan,
243 4641 361 4714 Arrun,
376 4638 436 4701 Bet
454 4637 531 4701 Slok
546 4646 673 4721 praeter
686 4637 961 4700 Karka-dhedhn.
978 4637 1052 4700 Sine
1066 4636 1328 4701 determinatione
1349 4638 1499 4724 designat
1521 4642 1546 4722 1)
1567 4641 1685 4704 Karka·

87 4751 185 4813 d-Bet
207 4747 401 4829 8131133133
422 4745 595 4828 episcopus
609 4753 685 4807 tunc
700 4744 855 4827 temporis
872 4743 1089 4806 ‘Akkebalaha
1107 4754 1176 4806 erat
1193 4766 1200 4806 :
1215 4743 1348 4828 Bedjan‚
1366 4767 1420 4829 op.
1437 4749 1503 4823 cit,
1520 4756 1544 4811 t.
1562 4747 1601 4823 ll,
1619 4750 1687 4829 513)

88 4859 136 4920 313
149 4855 236 4939 apud
252 4853 369 4927 Braun,
387 4873 439 4935 op.
456 4854 523 4925 cit,
540 4872 573 4934 p.
594 4855 644 4926 34,
661 4854 735 4931 312)
753 4848 1033 4923 Karka-d-Ledan,
1052 4871 1132 4933 quae
1148 4852 1181 4912 in
1197 4851 1278 4914 actis
1294 4851 1480 4917 1311313133
1498 4853 1688 4937 simpliciter

89 4963 199 5026 Karka
219 4960 347 5023 dicitur.
365 4958 399 5023 Si
414 4968 521 5021 autem
540 4957 660 5021 Narses
676 4957 790 5020 1313331
809 4957 981 5040 episcopus
1004 4955 1278 5033 Karka-dhedan,
1294 4958 1368 5021 data
1385 4959 1614 5045 chronologica
1628 4958 1688 5023 Ae·

87 5081 194 5133 torum
215 5068 249 5131 S.
265 5066 412 5129 Marthae
427 5084 562 5127 erronea
581 5074 700 5128 esseut.

148 5173 285 5238 'Verba
309 5173 388 5235 haec
410 5171 441 5233 in
463 5170 534 5235 cod.
555 5170 629 5235 Vat.
653 5190 728 5253 syro
752 5176 807 5232 161
834 5167 1096 5232 accuratissimus
1124 5168 1254 5251 quidam
1281 5171 1519 5257 religiosusque
1547 5172 1688 5236 lacobita

87 5281 144 5344 131.
158 5285 210 5343 30·
226 5300 259 5341 33
274 5299 350 5341 vera
366 5278 515 5340 correxit.

149 5396 208 5458 1Ρ.
220 5394 354 5477 Bedjan‚
365 5392 575 5457 Braoiorr'nm
589 5392 815 5467 Chaldaicum,
829 5390 972 5454 Lutetiae
984 5388 1193 5466 Parisiorum,
1209 5395 1297 5468 1887,
1310 5392 1390 5456 Pars
1400 5394 1505 5469 tertia,
1520 5414 1552 5478 p.
1563 5379 1628 5454 Ξῖ
1637 5414 1688 5477 sq.

91 5503 205 5566 Kanon
221 5502 283 5564 isto
298 5520 434 5562 numero
452 5507 484 5562 et
502 5508 603 5561 metro
624 5499 730 5562 lacobi
751 5498 945 5583 Sarugensis
961 5495 1162 5579 conscriptus
1186 5497 1313 5561 saeculo
1333 5498 1376 5563 Vl
1396 5502 1596 5584 compositus
1619 5520 1691 5561 3333

89 5609 226 5674 videtur.

154 5715 228 5779 ⁴Ci.
245 5714 329 5777 inira
341 5720 437 5795 caput
451 5711 494 5774 111
510 5712 757 5776 Introductionis
770 5713 801 5775 in
816 5712 890 5774 fine.

198 5824 266 5858 raro.
278 5822 331 5856 arn.
348 5834 371 5843 -
384 5820 405 5855 3.
418 5821 434 5855 r.
447 5820 469 5853 r.
489 5822 513 5856 n.
1559 5816 1584 5854 24
