<?xml version="1.0" encoding="UTF-8"?>
<!DOCTYPE html PUBLIC "-//W3C//DTD XHTML 1.0 Transitional//EN"
    "http://www.w3.org/TR/xhtml1/DTD/xhtml1-transitional.dtd">
<html xmlns="http://www.w3.org/1999/xhtml" xml:lang="en" lang="en">
 <head>
  <title>
</title>
<meta http-equiv="Content-Type" content="text/html;charset=utf-8" />
  <meta name='ocr-system' content='tesseract 3.04.00' />
  <meta name='ocr-capabilities' content='ocr_page ocr_carea ocr_par ocr_line ocrx_word'/>
</head>
<body>
  <div class='ocr_page' id='page_1' title='image "./patrologiasyria02grafgoog_0364.png"; bbox 0 0 4108 6458; ppageno 0'>
   <div class='ocr_carea' id='block_1_1' title="bbox 357 437 1421 508">
    <p class='ocr_par' dir='ltr' id='par_1_1' title="bbox 357 437 1421 508">
     <span class='ocr_line' id='line_1_1' title="bbox 357 437 1421 508; baseline -0.006 0"><span class='ocrx_word' id='word_1_1' title='bbox 357 450 415 508; x_wconf 85' lang='lat'>702</span> <span class='ocrx_word' id='word_1_2' title='bbox 877 437 1120 505; x_wconf 84' lang='lat' dir='ltr'>PRAEFATIO</span> <span class='ocrx_word' id='word_1_3' title='bbox 1142 476 1182 488; x_wconf 94' lang='lat'><em>-</em></span> <span class='ocrx_word' id='word_1_4' title='bbox 1203 438 1344 504; x_wconf 83' lang='lat' dir='ltr'><strong>CAPUT</strong></span> <span class='ocrx_word' id='word_1_5' title='bbox 1366 439 1421 503; x_wconf 93' lang='lat' dir='ltr'>Ill.</span> 
     </span>
    </p>
   </div>
   <div class='ocr_carea' id='block_1_2' title="bbox 354 627 2028 5526">
    <p class='ocr_par' dir='ltr' id='par_1_2' title="bbox 354 627 2028 1661">
     <span class='ocr_line' id='line_1_2' title="bbox 431 627 2028 729; baseline -0.003 -23"><span class='ocrx_word' id='word_1_6' title='bbox 431 631 629 706; x_wconf 85' lang='lat' dir='ltr'><strong>Exordium</strong></span> <span class='ocrx_word' id='word_1_7' title='bbox 644 630 756 704; x_wconf 90' lang='lat' dir='ltr'>sumit</span> <span class='ocrx_word' id='word_1_8' title='bbox 772 631 816 703; x_wconf 93' lang='lat' dir='ltr'>de</span> <span class='ocrx_word' id='word_1_9' title='bbox 833 629 995 729; x_wconf 89' lang='lat' dir='ltr'>peccatis</span> <span class='ocrx_word' id='word_1_10' title='bbox 1015 627 1257 728; x_wconf 81' lang='lat' dir='ltr'>castigandis,</span> <span class='ocrx_word' id='word_1_11' title='bbox 1275 652 1369 726; x_wconf 87' lang='lat' dir='ltr'>quae</span> <span class='ocrx_word' id='word_1_12' title='bbox 1389 627 1485 702; x_wconf 91' lang='lat' dir='ltr'>inter</span> <span class='ocrx_word' id='word_1_13' title='bbox 1506 629 1735 703; x_wconf 82' lang='lat' dir='ltr'>Christianos</span> <span class='ocrx_word' id='word_1_14' title='bbox 1756 630 1946 713; x_wconf 85' lang='lat' dir='ltr'>invaluere,</span> <span class='ocrx_word' id='word_1_15' title='bbox 2027 638 2028 653; x_wconf 64' lang='lat'>¹</span> 
     </span>
     <span class='ocr_line' id='line_1_3' title="bbox 358 761 1948 863; baseline -0.003 -25"><span class='ocrx_word' id='word_1_16' title='bbox 358 766 442 838; x_wconf 91' lang='lat' dir='ltr'>dein</span> <span class='ocrx_word' id='word_1_17' title='bbox 462 765 509 838; x_wconf 91' lang='lat' dir='ltr'>ad</span> <span class='ocrx_word' id='word_1_18' title='bbox 528 764 600 837; x_wconf 88' lang='lat' dir='ltr'>alia</span> <span class='ocrx_word' id='word_1_19' title='bbox 619 764 739 863; x_wconf 80' lang='lat' dir='ltr'><strong>surgit</strong></span> <span class='ocrx_word' id='word_1_20' title='bbox 756 762 845 836; x_wconf 88' lang='lat' dir='ltr'>vitia</span> <span class='ocrx_word' id='word_1_21' title='bbox 860 761 1175 861; x_wconf 88' lang='lat' dir='ltr'>reprehendenda,</span> <span class='ocrx_word' id='word_1_22' title='bbox 1192 785 1286 860; x_wconf 88' lang='lat' dir='ltr'>quae</span> <span class='ocrx_word' id='word_1_23' title='bbox 1307 774 1364 833; x_wconf 85' lang='lat' dir='ltr'>sat</span> <span class='ocrx_word' id='word_1_24' title='bbox 1386 776 1511 862; x_wconf 90' lang='lat' dir='ltr'>aperte</span> <span class='ocrx_word' id='word_1_25' title='bbox 1532 761 1701 848; x_wconf 92' lang='lat' dir='ltr'>innuunt,</span> <span class='ocrx_word' id='word_1_26' title='bbox 1726 763 1948 837; x_wconf 78' lang='lat' dir='ltr'>Christianos</span> 
     </span>
     <span class='ocr_line' id='line_1_4' title="bbox 358 894 1947 995; baseline -0.003 -24"><span class='ocrx_word' id='word_1_27' title='bbox 358 899 476 971; x_wconf 88' lang='lat' dir='ltr'>adhue</span> <span class='ocrx_word' id='word_1_28' title='bbox 502 897 646 971; x_wconf 84' lang='lat' dir='ltr'>civilem</span> <span class='ocrx_word' id='word_1_29' title='bbox 671 894 866 994; x_wconf 85' lang='lat' dir='ltr'>quamdam</span> <span class='ocrx_word' id='word_1_30' title='bbox 892 895 1147 968; x_wconf 87' lang='lat' dir='ltr'>auctoritatem</span> <span class='ocrx_word' id='word_1_31' title='bbox 1172 895 1385 991; x_wconf 80' lang='lat' dir='ltr'>possedisse</span> <span class='ocrx_word' id='word_1_32' title='bbox 1406 923 1414 965; x_wconf 75' lang='grc' dir='ltr'>ε</span> <span class='ocrx_word' id='word_1_33' title='bbox 1433 899 1667 971; x_wconf 78' lang='lat' dir='ltr'>Surrearcrunt</span> <span class='ocrx_word' id='word_1_34' title='bbox 1681 896 1859 995; x_wconf 90' lang='lat' dir='ltr'>—inquit</span> <span class='ocrx_word' id='word_1_35' title='bbox 1873 922 1907 967; x_wconf 90' lang='lat' dir='ltr'>n.</span> <span class='ocrx_word' id='word_1_36' title='bbox 1928 897 1947 966; x_wconf 84' lang='lat'><strong>3</strong></span> 
     </span>
     <span class='ocr_line' id='line_1_5' title="bbox 354 1028 1946 1126; baseline -0.002 -25"><span class='ocrx_word' id='word_1_37' title='bbox 354 1076 407 1101; x_wconf 91' lang='grc'>,-</span> <span class='ocrx_word' id='word_1_38' title='bbox 425 1035 463 1104; x_wconf 89' lang='lat' dir='ltr'>in</span> <span class='ocrx_word' id='word_1_39' title='bbox 477 1033 603 1126; x_wconf 86' lang='lat' dir='ltr'>papula</span> <span class='ocrx_word' id='word_1_40' title='bbox 623 1043 734 1102; x_wconf 88' lang='lat' dir='ltr'>nostra</span> <span class='ocrx_word' id='word_1_41' title='bbox 753 1032 863 1114; x_wconf 88' lang='lat' dir='ltr'>duces,</span> <span class='ocrx_word' id='word_1_42' title='bbox 886 1032 946 1123; x_wconf 87' lang='lat' dir='ltr'>qui</span> <span class='ocrx_word' id='word_1_43' title='bbox 969 1030 1074 1123; x_wconf 88' lang='lat' dir='ltr'>leqem</span> <span class='ocrx_word' id='word_1_44' title='bbox 1093 1029 1348 1123; x_wconf 89' lang='lat' dir='ltr'>dereliquerunt</span> <span class='ocrx_word' id='word_1_45' title='bbox 1369 1041 1401 1100; x_wconf 88' lang='lat' dir='ltr'>et</span> <span class='ocrx_word' id='word_1_46' title='bbox 1423 1028 1565 1122; x_wconf 79' lang='lat' dir='ltr'>qlrriati</span> <span class='ocrx_word' id='word_1_47' title='bbox 1590 1043 1672 1102; x_wconf 89' lang='lat' dir='ltr'>sunt</span> <span class='ocrx_word' id='word_1_48' title='bbox 1696 1034 1734 1101; x_wconf 90' lang='lat' dir='ltr'>in</span> <span class='ocrx_word' id='word_1_49' title='bbox 1763 1032 1946 1123; x_wconf 77' lang='lat' dir='ltr'>iniquitate.</span> 
     </span>
     <span class='ocr_line' id='line_1_6' title="bbox 357 1164 1949 1257; baseline -0.003 -19"><span class='ocrx_word' id='word_1_50' title='bbox 357 1169 584 1238; x_wconf 86' lang='lat' dir='ltr'>Possessianes</span> <span class='ocrx_word' id='word_1_51' title='bbox 605 1166 671 1236; x_wconf 83' lang='lat' dir='ltr'>sibi</span> <span class='ocrx_word' id='word_1_52' title='bbox 693 1175 976 1257; x_wconf 84' lang='lat' dir='ltr'>comparaverunt</span> <span class='ocrx_word' id='word_1_53' title='bbox 1003 1174 1035 1233; x_wconf 89' lang='lat' dir='ltr'>et</span> <span class='ocrx_word' id='word_1_54' title='bbox 1060 1164 1212 1233; x_wconf 87' lang='lat' dir='ltr'>avaritia</span> <span class='ocrx_word' id='word_1_55' title='bbox 1235 1164 1358 1234; x_wconf 81' lang='lat' dir='ltr'>devicit</span> <span class='ocrx_word' id='word_1_56' title='bbox 1376 1187 1442 1233; x_wconf 87' lang='lat' dir='ltr'>aas.</span> <span class='ocrx_word' id='word_1_57' title='bbox 1463 1167 1579 1235; x_wconf 79' lang='lat' dir='ltr'>Mutuo</span> <span class='ocrx_word' id='word_1_58' title='bbox 1602 1164 1769 1235; x_wconf 86' lang='lat' dir='ltr'>dederunt</span> <span class='ocrx_word' id='word_1_59' title='bbox 1793 1166 1854 1234; x_wconf 88' lang='lat' dir='ltr'>sub</span> <span class='ocrx_word' id='word_1_60' title='bbox 1874 1188 1949 1233; x_wconf 87' lang='lat' dir='ltr'>nsu-</span> 
     </span>
     <span class='ocr_line' id='line_1_7' title="bbox 358 1294 1949 1394; baseline -0.003 -23"><span class='ocrx_word' id='word_1_61' title='bbox 358 1304 422 1385; x_wconf 88' lang='lat' dir='ltr'>ris‚</span> <span class='ocrx_word' id='word_1_62' title='bbox 443 1305 625 1393; x_wconf 73' lang='lat' dir='ltr'>saeuusque</span> <span class='ocrx_word' id='word_1_63' title='bbox 651 1308 927 1391; x_wconf 85' lang='lat' dir='ltr'>aeceperunt.....</span> <span class='ocrx_word' id='word_1_64' title='bbox 952 1298 996 1367; x_wconf 88' lang='lat' dir='ltr'>N.</span> <span class='ocrx_word' id='word_1_65' title='bbox 1019 1296 1041 1366; x_wconf 90' lang='lat'>8</span> <span class='ocrx_word' id='word_1_66' title='bbox 1068 1294 1267 1369; x_wconf 83' lang='lat' dir='ltr'>allusiones</span> <span class='ocrx_word' id='word_1_67' title='bbox 1291 1320 1427 1394; x_wconf 81' lang='lat' dir='ltr'>magna</span> <span class='ocrx_word' id='word_1_68' title='bbox 1451 1320 1534 1367; x_wconf 87' lang='lat' dir='ltr'>eum</span> <span class='ocrx_word' id='word_1_69' title='bbox 1555 1321 1642 1369; x_wconf 87' lang='lat' dir='ltr'>cura</span> <span class='ocrx_word' id='word_1_70' title='bbox 1664 1295 1807 1369; x_wconf 80' lang='lat' dir='ltr'>velatae</span> <span class='ocrx_word' id='word_1_71' title='bbox 1826 1296 1949 1394; x_wconf 80' lang='lat' dir='ltr'>legun-</span> 
     </span>
     <span class='ocr_line' id='line_1_8' title="bbox 360 1428 1950 1529; baseline -0.003 -24"><span class='ocrx_word' id='word_1_72' title='bbox 360 1445 432 1518; x_wconf 92' lang='lat' dir='ltr'>tur,</span> <span class='ocrx_word' id='word_1_73' title='bbox 455 1456 547 1529; x_wconf 87' lang='lat' dir='ltr'>quae</span> <span class='ocrx_word' id='word_1_74' title='bbox 578 1431 625 1503; x_wconf 90' lang='lat' dir='ltr'>ad</span> <span class='ocrx_word' id='word_1_75' title='bbox 656 1429 791 1529; x_wconf 84' lang='lat' dir='ltr'>agendi</span> <span class='ocrx_word' id='word_1_76' title='bbox 816 1430 994 1502; x_wconf 85' lang='lat' dir='ltr'>rationem</span> <span class='ocrx_word' id='word_1_77' title='bbox 1022 1428 1207 1526; x_wconf 91' lang='lat' dir='ltr'>pertinent</span> <span class='ocrx_word' id='word_1_78' title='bbox 1233 1428 1438 1527; x_wconf 88' lang='lat' dir='ltr'>aliquorum</span> <span class='ocrx_word' id='word_1_79' title='bbox 1471 1429 1776 1515; x_wconf 87' lang='lat' dir='ltr'>Christianorum,</span> <span class='ocrx_word' id='word_1_80' title='bbox 1807 1428 1868 1527; x_wconf 91' lang='lat' dir='ltr'>qni</span> <span class='ocrx_word' id='word_1_81' title='bbox 1889 1428 1950 1501; x_wconf 90' lang='lat' dir='ltr'>ho·</span> 
     </span>
     <span class='ocr_line' id='line_1_9' title="bbox 361 1514 2028 1661; baseline -0.004 -24"><span class='ocrx_word' id='word_1_82' title='bbox 361 1590 469 1637; x_wconf 89' lang='lat' dir='ltr'>nores</span> <span class='ocrx_word' id='word_1_83' title='bbox 488 1562 614 1637; x_wconf 89' lang='lat' dir='ltr'>civiles</span> <span class='ocrx_word' id='word_1_84' title='bbox 630 1562 754 1661; x_wconf 81' lang='lat' dir='ltr'>adepti</span> <span class='ocrx_word' id='word_1_85' title='bbox 770 1562 934 1635; x_wconf 87' lang='lat' dir='ltr'>diversas</span> <span class='ocrx_word' id='word_1_86' title='bbox 949 1560 1101 1634; x_wconf 87' lang='lat' dir='ltr'>iniurias</span> <span class='ocrx_word' id='word_1_87' title='bbox 1121 1574 1248 1634; x_wconf 89' lang='lat' dir='ltr'>eontra</span> <span class='ocrx_word' id='word_1_88' title='bbox 1263 1560 1392 1635; x_wconf 82' lang='lat' dir='ltr'>iratres</span> <span class='ocrx_word' id='word_1_89' title='bbox 1408 1561 1641 1635; x_wconf 86' lang='lat' dir='ltr'>committunt</span> <span class='ocrx_word' id='word_1_90' title='bbox 1663 1590 1670 1632; x_wconf 75' lang='grc' dir='ltr'>ε</span> <span class='ocrx_word' id='word_1_91' title='bbox 2027 1514 2028 1607; x_wconf 79' lang='lat' dir='ltr'>l</span> 
     </span>
    </p>

    <p class='ocr_par' dir='ltr' id='par_1_3' title="bbox 358 1666 2028 2725">
     <span class='ocr_line' id='line_1_10' title="bbox 431 1666 2028 1793; baseline -0.002 -23"><span class='ocrx_word' id='word_1_92' title='bbox 431 1703 594 1792; x_wconf 80' lang='lat' dir='ltr'>Repertus</span> <span class='ocrx_word' id='word_1_93' title='bbox 626 1710 676 1769; x_wconf 88' lang='lat' dir='ltr'>est</span> <span class='ocrx_word' id='word_1_94' title='bbox 702 1739 752 1750; x_wconf 90' lang='lat'>—</span> <span class='ocrx_word' id='word_1_95' title='bbox 773 1695 891 1793; x_wconf 86' lang='lat' dir='ltr'>inquit</span> <span class='ocrx_word' id='word_1_96' title='bbox 916 1719 954 1765; x_wconf 93' lang='lat' dir='ltr'>n.</span> <span class='ocrx_word' id='word_1_97' title='bbox 979 1697 1000 1767; x_wconf 91' lang='lat'><em>8</em></span> <span class='ocrx_word' id='word_1_98' title='bbox 1022 1738 1072 1747; x_wconf 91' lang='lat'>—</span> <span class='ocrx_word' id='word_1_99' title='bbox 1096 1697 1190 1787; x_wconf 89' lang='lat' dir='ltr'>apud</span> <span class='ocrx_word' id='word_1_100' title='bbox 1214 1720 1273 1766; x_wconf 90' lang='lat' dir='ltr'>nas</span> <span class='ocrx_word' id='word_1_101' title='bbox 1295 1698 1434 1789; x_wconf 90' lang='lat' dir='ltr'>quidam</span> <span class='ocrx_word' id='word_1_102' title='bbox 1460 1702 1568 1790; x_wconf 72' lang='lat' dir='ltr'>frater</span> <span class='ocrx_word' id='word_1_103' title='bbox 1593 1709 1705 1768; x_wconf 85' lang='lat' dir='ltr'>noster</span> <span class='ocrx_word' id='word_1_104' title='bbox 1730 1720 1853 1769; x_wconf 75' lang='lat' dir='ltr'>cararia</span> <span class='ocrx_word' id='word_1_105' title='bbox 1875 1701 1950 1768; x_wconf 86' lang='lat' dir='ltr'>insi·</span> <span class='ocrx_word' id='word_1_106' title='bbox 2027 1666 2028 1709; x_wconf 55' lang='lat' dir='ltr'>l</span> 
     </span>
     <span class='ocr_line' id='line_1_11' title="bbox 358 1830 1951 1927; baseline -0.003 -24"><span class='ocrx_word' id='word_1_107' title='bbox 358 1836 605 1927; x_wconf 67' lang='lat' dir='ltr'>quibusquam</span> <span class='ocrx_word' id='word_1_108' title='bbox 631 1833 724 1923; x_wconf 86' lang='lat' dir='ltr'>reqia</span> <span class='ocrx_word' id='word_1_109' title='bbox 748 1854 812 1901; x_wconf 90' lang='lat' dir='ltr'>sua</span> <span class='ocrx_word' id='word_1_110' title='bbox 832 1831 932 1902; x_wconf 88' lang='lat' dir='ltr'>nulla</span> <span class='ocrx_word' id='word_1_111' title='bbox 951 1830 1165 1900; x_wconf 87' lang='lat' dir='ltr'>obseruantia</span> <span class='ocrx_word' id='word_1_112' title='bbox 1188 1831 1327 1900; x_wconf 89' lang='lat' dir='ltr'>colebat.</span> <span class='ocrx_word' id='word_1_113' title='bbox 1349 1832 1436 1901; x_wconf 84' lang='lat' dir='ltr'>Cum</span> <span class='ocrx_word' id='word_1_114' title='bbox 1458 1854 1538 1923; x_wconf 89' lang='lat' dir='ltr'>erqo</span> <span class='ocrx_word' id='word_1_115' title='bbox 1556 1854 1579 1900; x_wconf 92' lang='lat' dir='ltr'>a</span> <span class='ocrx_word' id='word_1_116' title='bbox 1601 1855 1665 1901; x_wconf 89' lang='lat' dir='ltr'>sua</span> <span class='ocrx_word' id='word_1_117' title='bbox 1685 1833 1866 1925; x_wconf 87' lang='lat' dir='ltr'>prouincia</span> <span class='ocrx_word' id='word_1_118' title='bbox 1891 1853 1951 1900; x_wconf 90' lang='lat' dir='ltr'>non</span> 
     </span>
     <span class='ocr_line' id='line_1_12' title="bbox 361 1964 1946 2059; baseline -0.003 -22"><span class='ocrx_word' id='word_1_119' title='bbox 361 1968 585 2059; x_wconf 79' lang='lat' dir='ltr'>eueipcretur,</span> <span class='ocrx_word' id='word_1_120' title='bbox 604 1989 699 2057; x_wconf 84' lang='lat' dir='ltr'>repes</span> <span class='ocrx_word' id='word_1_121' title='bbox 713 1964 784 2036; x_wconf 88' lang='lat' dir='ltr'>alio</span> <span class='ocrx_word' id='word_1_122' title='bbox 794 1965 915 2057; x_wconf 87' lang='lat' dir='ltr'>procul</span> <span class='ocrx_word' id='word_1_123' title='bbox 934 1964 1098 2034; x_wconf 84' lang='lat' dir='ltr'>distantes</span> <span class='ocrx_word' id='word_1_124' title='bbox 1115 1964 1213 2043; x_wconf 88' lang='lat' dir='ltr'>adiit,</span> <span class='ocrx_word' id='word_1_125' title='bbox 1233 1975 1370 2034; x_wconf 84' lang='lat' dir='ltr'>catenas</span> <span class='ocrx_word' id='word_1_126' title='bbox 1384 1966 1589 2057; x_wconf 86' lang='lat' dir='ltr'>vinculaque</span> <span class='ocrx_word' id='word_1_127' title='bbox 1603 1966 1645 2034; x_wconf 92' lang='lat' dir='ltr'>ab</span> <span class='ocrx_word' id='word_1_128' title='bbox 1660 1967 1709 2036; x_wconf 90' lang='lat' dir='ltr'>eis</span> <span class='ocrx_word' id='word_1_129' title='bbox 1723 1966 1946 2057; x_wconf 77' lang='lat' dir='ltr'>empostulans,</span> 
     </span>
     <span class='ocr_line' id='line_1_13' title="bbox 365 2068 2028 2192; baseline -0.002 -23"><span class='ocrx_word' id='word_1_130' title='bbox 365 2123 451 2192; x_wconf 89' lang='lat' dir='ltr'>quae</span> <span class='ocrx_word' id='word_1_131' title='bbox 469 2102 507 2170; x_wconf 92' lang='lat' dir='ltr'>in</span> <span class='ocrx_word' id='word_1_132' title='bbox 526 2099 696 2190; x_wconf 72' lang='lat' dir='ltr'>reqionum</span> <span class='ocrx_word' id='word_1_133' title='bbox 715 2121 814 2168; x_wconf 89' lang='lat' dir='ltr'>suam</span> <span class='ocrx_word' id='word_1_134' title='bbox 832 2109 865 2168; x_wconf 91' lang='lat' dir='ltr'>et</span> <span class='ocrx_word' id='word_1_135' title='bbox 879 2097 1049 2166; x_wconf 84' lang='lat' dir='ltr'>civitatem</span> <span class='ocrx_word' id='word_1_136' title='bbox 1069 2120 1168 2167; x_wconf 90' lang='lat' dir='ltr'>suam</span> <span class='ocrx_word' id='word_1_137' title='bbox 1182 2098 1404 2168; x_wconf 77' lang='lat' dir='ltr'>distribuit...</span> <span class='ocrx_word' id='word_1_138' title='bbox 1419 2099 1548 2169; x_wconf 79' lang='lat' dir='ltr'>Audiat</span> <span class='ocrx_word' id='word_1_139' title='bbox 1561 2099 1698 2191; x_wconf 88' lang='lat' dir='ltr'>sapiens</span> <span class='ocrx_word' id='word_1_140' title='bbox 1716 2109 1748 2168; x_wconf 90' lang='lat' dir='ltr'>et</span> <span class='ocrx_word' id='word_1_141' title='bbox 1760 2098 1949 2189; x_wconf 81' lang='lat' dir='ltr'>intelliqat:</span> <span class='ocrx_word' id='word_1_142' title='bbox 2027 2068 2028 2133; x_wconf 49' lang='lat' dir='ltr'>l</span> 
     </span>
     <span class='ocr_line' id='line_1_14' title="bbox 363 2230 1952 2326; baseline -0.003 -23"><span class='ocrx_word' id='word_1_143' title='bbox 363 2244 539 2326; x_wconf 89' lang='lat' dir='ltr'>propterea</span> <span class='ocrx_word' id='word_1_144' title='bbox 555 2233 647 2302; x_wconf 91' lang='lat' dir='ltr'>enim</span> <span class='ocrx_word' id='word_1_145' title='bbox 659 2232 740 2301; x_wconf 85' lang='lat' dir='ltr'>baec</span> <span class='ocrx_word' id='word_1_146' title='bbox 752 2231 943 2313; x_wconf 76' lang='lat' dir='ltr'>scribimus,</span> <span class='ocrx_word' id='word_1_147' title='bbox 958 2230 1184 2301; x_wconf 78' lang='lat' dir='ltr'>dilectissimi.</span> <span class='ocrx_word' id='word_1_148' title='bbox 1202 2233 1291 2302; x_wconf 88' lang='lat' dir='ltr'>Nam</span> <span class='ocrx_word' id='word_1_149' title='bbox 1303 2253 1380 2301; x_wconf 91' lang='lat' dir='ltr'>cum</span> <span class='ocrx_word' id='word_1_150' title='bbox 1400 2255 1465 2301; x_wconf 80' lang='lat' dir='ltr'>rem</span> <span class='ocrx_word' id='word_1_151' title='bbox 1478 2254 1636 2302; x_wconf 89' lang='lat' dir='ltr'>eoronam</span> <span class='ocrx_word' id='word_1_152' title='bbox 1651 2232 1761 2323; x_wconf 84' lang='lat' dir='ltr'>cinqit</span> <span class='ocrx_word' id='word_1_153' title='bbox 1780 2232 1952 2303; x_wconf 77' lang='lat' dir='ltr'>inanitate</span> 
     </span>
     <span class='ocr_line' id='line_1_15' title="bbox 364 2365 2028 2457; baseline -0.002 -21"><span class='ocrx_word' id='word_1_154' title='bbox 364 2389 438 2448; x_wconf 91' lang='lat' dir='ltr'>sua,</span> <span class='ocrx_word' id='word_1_155' title='bbox 464 2378 494 2436; x_wconf 89' lang='lat' dir='ltr'>et</span> <span class='ocrx_word' id='word_1_156' title='bbox 513 2368 550 2436; x_wconf 91' lang='lat' dir='ltr'>in</span> <span class='ocrx_word' id='word_1_157' title='bbox 565 2366 676 2435; x_wconf 86' lang='lat' dir='ltr'>media</span> <span class='ocrx_word' id='word_1_158' title='bbox 685 2365 885 2457; x_wconf 83' lang='lat' dir='ltr'>principum</span> <span class='ocrx_word' id='word_1_159' title='bbox 904 2386 1044 2433; x_wconf 89' lang='lat' dir='ltr'>suarum</span> <span class='ocrx_word' id='word_1_160' title='bbox 1064 2386 1207 2455; x_wconf 88' lang='lat' dir='ltr'>reqnum</span> <span class='ocrx_word' id='word_1_161' title='bbox 1225 2365 1378 2456; x_wconf 83' lang='lat' dir='ltr'>suscipit,</span> <span class='ocrx_word' id='word_1_162' title='bbox 1398 2388 1540 2457; x_wconf 87' lang='lat' dir='ltr'>cumque</span> <span class='ocrx_word' id='word_1_163' title='bbox 1554 2388 1668 2435; x_wconf 90' lang='lat' dir='ltr'>amnes</span> <span class='ocrx_word' id='word_1_164' title='bbox 1687 2366 1770 2435; x_wconf 91' lang='lat' dir='ltr'>bono</span> <span class='ocrx_word' id='word_1_165' title='bbox 1784 2388 1867 2457; x_wconf 88' lang='lat' dir='ltr'>erqa</span> <span class='ocrx_word' id='word_1_166' title='bbox 1884 2387 1951 2434; x_wconf 88' lang='lat' dir='ltr'>earn</span> <span class='ocrx_word' id='word_1_167' title='bbox 2027 2366 2028 2445; x_wconf 60' lang='lat' dir='ltr'>i</span> 
     </span>
     <span class='ocr_line' id='line_1_16' title="bbox 365 2497 2028 2591; baseline -0.002 -22"><span class='ocrx_word' id='word_1_168' title='bbox 365 2501 481 2570; x_wconf 89' lang='lat' dir='ltr'>anima</span> <span class='ocrx_word' id='word_1_169' title='bbox 499 2502 584 2591; x_wconf 73' lang='lat' dir='ltr'>sacti</span> <span class='ocrx_word' id='word_1_170' title='bbox 603 2509 694 2580; x_wconf 87' lang='lat' dir='ltr'>sunt,</span> <span class='ocrx_word' id='word_1_171' title='bbox 722 2509 929 2569; x_wconf 84' lang='lat' dir='ltr'>tamarcem</span> <span class='ocrx_word' id='word_1_172' title='bbox 949 2497 1153 2587; x_wconf 75' lang='lat' dir='ltr'>inprerlitun</span> <span class='ocrx_word' id='word_1_173' title='bbox 1177 2497 1323 2566; x_wconf 92' lang='lat' dir='ltr'>donaria</span> <span class='ocrx_word' id='word_1_174' title='bbox 1341 2498 1495 2590; x_wconf 88' lang='lat' dir='ltr'>plurima</span> <span class='ocrx_word' id='word_1_175' title='bbox 1515 2501 1621 2570; x_wconf 86' lang='lat' dir='ltr'>sumit</span> <span class='ocrx_word' id='word_1_176' title='bbox 1638 2510 1670 2568; x_wconf 92' lang='lat' dir='ltr'>et</span> <span class='ocrx_word' id='word_1_177' title='bbox 1688 2499 1819 2568; x_wconf 90' lang='lat' dir='ltr'>cunctis</span> <span class='ocrx_word' id='word_1_178' title='bbox 1832 2497 1952 2590; x_wconf 87' lang='lat' dir='ltr'>princi·</span> <span class='ocrx_word' id='word_1_179' title='bbox 2027 2514 2028 2553; x_wconf 70' lang='lat' dir='ltr'>l</span> 
     </span>
     <span class='ocr_line' id='line_1_17' title="bbox 364 2630 818 2725; baseline -0.003 -22"><span class='ocrx_word' id='word_1_180' title='bbox 364 2632 464 2725; x_wconf 89' lang='lat' dir='ltr'>pibus</span> <span class='ocrx_word' id='word_1_181' title='bbox 478 2634 552 2702; x_wconf 88' lang='lat' dir='ltr'>suis</span> <span class='ocrx_word' id='word_1_182' title='bbox 571 2630 782 2723; x_wconf 84' lang='lat' dir='ltr'>dispartitur.</span> <span class='ocrx_word' id='word_1_183' title='bbox 794 2684 818 2699; x_wconf 90' lang='lat'>..</span> 
     </span>
    </p>

    <p class='ocr_par' dir='ltr' id='par_1_4' title="bbox 361 2742 2028 3790">
     <span class='ocr_line' id='line_1_18' title="bbox 440 2742 2028 2856; baseline -0.003 -21"><span class='ocrx_word' id='word_1_184' title='bbox 440 2764 484 2835; x_wconf 89' lang='lat' dir='ltr'>N.</span> <span class='ocrx_word' id='word_1_185' title='bbox 508 2763 544 2834; x_wconf 90' lang='grc'>9.</span> <span class='ocrx_word' id='word_1_186' title='bbox 571 2764 694 2835; x_wconf 81' lang='lat' dir='ltr'>Audite</span> <span class='ocrx_word' id='word_1_187' title='bbox 720 2764 855 2848; x_wconf 90' lang='lat' dir='ltr'>iterum,</span> <span class='ocrx_word' id='word_1_188' title='bbox 882 2761 1068 2834; x_wconf 86' lang='lat' dir='ltr'>carissimi.</span> <span class='ocrx_word' id='word_1_189' title='bbox 1096 2764 1136 2834; x_wconf 89' lang='lat' dir='ltr'>Si</span> <span class='ocrx_word' id='word_1_190' title='bbox 1156 2765 1342 2855; x_wconf 85' lang='lat' dir='ltr'>cantinqat,</span> <span class='ocrx_word' id='word_1_191' title='bbox 1370 2774 1408 2833; x_wconf 91' lang='lat' dir='ltr'>ut</span> <span class='ocrx_word' id='word_1_192' title='bbox 1434 2765 1564 2856; x_wconf 88' lang='lat' dir='ltr'>aliquis</span> <span class='ocrx_word' id='word_1_193' title='bbox 1595 2788 1661 2834; x_wconf 80' lang='lat' dir='ltr'>rear</span> <span class='ocrx_word' id='word_1_194' title='bbox 1694 2788 1841 2856; x_wconf 82' lang='lat' dir='ltr'>mapnus</span> <span class='ocrx_word' id='word_1_195' title='bbox 1862 2786 1953 2855; x_wconf 85' lang='lat' dir='ltr'>snper</span> <span class='ocrx_word' id='word_1_196' title='bbox 2027 2742 2028 2753; x_wconf 10' lang='grc' dir='ltr'>ἵ</span> 
     </span>
     <span class='ocr_line' id='line_1_19' title="bbox 361 2897 1952 2989; baseline -0.003 -21"><span class='ocrx_word' id='word_1_197' title='bbox 361 2898 587 2989; x_wconf 86' lang='lat' dir='ltr'>passessiones</span> <span class='ocrx_word' id='word_1_198' title='bbox 602 2920 683 2967; x_wconf 86' lang='lat' dir='ltr'>suas</span> <span class='ocrx_word' id='word_1_199' title='bbox 701 2898 880 2967; x_wconf 87' lang='lat' dir='ltr'>universas</span> <span class='ocrx_word' id='word_1_200' title='bbox 895 2906 928 2967; x_wconf 88' lang='lat' dir='ltr'>et</span> <span class='ocrx_word' id='word_1_201' title='bbox 941 2919 1072 2966; x_wconf 88' lang='lat' dir='ltr'>amnem</span> <span class='ocrx_word' id='word_1_202' title='bbox 1086 2898 1216 2987; x_wconf 82' lang='lat' dir='ltr'>rapiam</span> <span class='ocrx_word' id='word_1_203' title='bbox 1237 2897 1421 2966; x_wconf 86' lang='lat' dir='ltr'>constituat</span> <span class='ocrx_word' id='word_1_204' title='bbox 1434 2908 1701 2989; x_wconf 89' lang='lat' dir='ltr'>procuratorem,</span> <span class='ocrx_word' id='word_1_205' title='bbox 1722 2898 1782 2968; x_wconf 84' lang='lat' dir='ltr'>ille</span> <span class='ocrx_word' id='word_1_206' title='bbox 1800 2921 1875 2968; x_wconf 88' lang='lat' dir='ltr'>uero</span> <span class='ocrx_word' id='word_1_207' title='bbox 1889 2897 1952 2965; x_wconf 91' lang='lat' dir='ltr'>ini-</span> 
     </span>
     <span class='ocr_line' id='line_1_20' title="bbox 366 3030 2028 3127; baseline -0.002 -27"><span class='ocrx_word' id='word_1_208' title='bbox 366 3054 429 3123; x_wconf 88' lang='lat' dir='ltr'>que</span> <span class='ocrx_word' id='word_1_209' title='bbox 443 3055 477 3100; x_wconf 88' lang='lat' dir='ltr'>se</span> <span class='ocrx_word' id='word_1_210' title='bbox 491 3042 598 3123; x_wconf 88' lang='lat' dir='ltr'>qerat,</span> <span class='ocrx_word' id='word_1_211' title='bbox 622 3030 783 3101; x_wconf 87' lang='lat' dir='ltr'>aduersus</span> <span class='ocrx_word' id='word_1_212' title='bbox 798 3052 970 3100; x_wconf 87' lang='lat' dir='ltr'>conservos</span> <span class='ocrx_word' id='word_1_213' title='bbox 983 3053 1062 3100; x_wconf 86' lang='lat' dir='ltr'>suas</span> <span class='ocrx_word' id='word_1_214' title='bbox 1077 3052 1111 3099; x_wconf 88' lang='lat' dir='ltr'>se</span> <span class='ocrx_word' id='word_1_215' title='bbox 1124 3030 1280 3113; x_wconf 79' lang='lat' dir='ltr'>emtollat,</span> <span class='ocrx_word' id='word_1_216' title='bbox 1298 3053 1338 3100; x_wconf 93' lang='lat' dir='ltr'>ac</span> <span class='ocrx_word' id='word_1_217' title='bbox 1356 3041 1475 3100; x_wconf 85' lang='lat' dir='ltr'>cantra</span> <span class='ocrx_word' id='word_1_218' title='bbox 1491 3032 1583 3122; x_wconf 86' lang='lat' dir='ltr'>reqis</span> <span class='ocrx_word' id='word_1_219' title='bbox 1597 3032 1772 3101; x_wconf 90' lang='lat' dir='ltr'>ministras</span> <span class='ocrx_word' id='word_1_220' title='bbox 1790 3034 1948 3121; x_wconf 75' lang='lat' dir='ltr'>efferatur,</span> <span class='ocrx_word' id='word_1_221' title='bbox 2027 3110 2028 3127; x_wconf 71' lang='lat'>.</span> 
     </span>
     <span class='ocr_line' id='line_1_21' title="bbox 366 3148 2028 3256; baseline -0.002 -22"><span class='ocrx_word' id='word_1_222' title='bbox 366 3187 483 3256; x_wconf 86' lang='lat' dir='ltr'>easque</span> <span class='ocrx_word' id='word_1_223' title='bbox 501 3164 575 3233; x_wconf 90' lang='lat' dir='ltr'>sine</span> <span class='ocrx_word' id='word_1_224' title='bbox 594 3164 722 3234; x_wconf 89' lang='lat' dir='ltr'>iudicia</span> <span class='ocrx_word' id='word_1_225' title='bbox 743 3174 805 3233; x_wconf 89' lang='lat' dir='ltr'>aut</span> <span class='ocrx_word' id='word_1_226' title='bbox 824 3164 1044 3234; x_wconf 68' lang='lat' dir='ltr'>accusatione</span> <span class='ocrx_word' id='word_1_227' title='bbox 1062 3162 1353 3254; x_wconf 74' lang='lat' dir='ltr'>apprehendat...‚</span> <span class='ocrx_word' id='word_1_228' title='bbox 1371 3165 1461 3233; x_wconf 86' lang='lat' dir='ltr'>sarai</span> <span class='ocrx_word' id='word_1_229' title='bbox 1479 3174 1593 3234; x_wconf 88' lang='lat' dir='ltr'>autem</span> <span class='ocrx_word' id='word_1_230' title='bbox 1608 3164 1665 3234; x_wconf 89' lang='lat' dir='ltr'>illi</span> <span class='ocrx_word' id='word_1_231' title='bbox 1679 3163 1719 3234; x_wconf 89' lang='lat' dir='ltr'>dc</span> <span class='ocrx_word' id='word_1_232' title='bbox 1733 3175 1905 3235; x_wconf 87' lang='lat' dir='ltr'>carcereet</span> <span class='ocrx_word' id='word_1_233' title='bbox 1919 3163 1953 3231; x_wconf 87' lang='lat' dir='ltr'>dc</span> <span class='ocrx_word' id='word_1_234' title='bbox 2027 3148 2028 3163; x_wconf 44' lang='lat'>¹</span> 
     </span>
     <span class='ocr_line' id='line_1_22' title="bbox 367 3295 1953 3389; baseline -0.001 -23"><span class='ocrx_word' id='word_1_235' title='bbox 367 3296 520 3367; x_wconf 88' lang='lat' dir='ltr'>custodia</span> <span class='ocrx_word' id='word_1_236' title='bbox 534 3307 724 3389; x_wconf 88' lang='lat' dir='ltr'>querantur</span> <span class='ocrx_word' id='word_1_237' title='bbox 742 3307 772 3365; x_wconf 87' lang='lat' dir='ltr'>et</span> <span class='ocrx_word' id='word_1_238' title='bbox 791 3297 927 3366; x_wconf 88' lang='lat' dir='ltr'>damino</span> <span class='ocrx_word' id='word_1_239' title='bbox 945 3318 1006 3365; x_wconf 91' lang='lat' dir='ltr'>sua</span> <span class='ocrx_word' id='word_1_240' title='bbox 1020 3295 1221 3366; x_wconf 80' lang='lat' dir='ltr'>denuntient</span> <span class='ocrx_word' id='word_1_241' title='bbox 1237 3321 1248 3366; x_wconf 91' lang='lat'>.·</span> <span class='ocrx_word' id='word_1_242' title='bbox 1267 3298 1460 3388; x_wconf 76' lang='lat' dir='ltr'>Praefectus</span> <span class='ocrx_word' id='word_1_243' title='bbox 1476 3297 1535 3367; x_wconf 87' lang='lat' dir='ltr'>ille</span> <span class='ocrx_word' id='word_1_244' title='bbox 1553 3308 1643 3381; x_wconf 86' lang='lat' dir='ltr'>tuus,</span> <span class='ocrx_word' id='word_1_245' title='bbox 1663 3320 1841 3367; x_wconf 79' lang='lat' dir='ltr'>carrserous</span> <span class='ocrx_word' id='word_1_246' title='bbox 1855 3307 1953 3366; x_wconf 87' lang='lat' dir='ltr'>noster</span> 
     </span>
     <span class='ocr_line' id='line_1_23' title="bbox 367 3429 2028 3527; baseline -0.002 -28"><span class='ocrx_word' id='word_1_247' title='bbox 367 3430 518 3499; x_wconf 85' lang='lat' dir='ltr'>uinculis</span> <span class='ocrx_word' id='word_1_248' title='bbox 538 3453 597 3499; x_wconf 88' lang='lat' dir='ltr'>nas</span> <span class='ocrx_word' id='word_1_249' title='bbox 622 3430 784 3520; x_wconf 83' lang='lat' dir='ltr'>alliqauit</span> <span class='ocrx_word' id='word_1_250' title='bbox 801 3429 924 3499; x_wconf 88' lang='lat' dir='ltr'>scelere</span> <span class='ocrx_word' id='word_1_251' title='bbox 942 3429 1100 3512; x_wconf 87' lang='lat' dir='ltr'>insontes,</span> <span class='ocrx_word' id='word_1_252' title='bbox 1121 3451 1189 3498; x_wconf 89' lang='lat' dir='ltr'>nan</span> <span class='ocrx_word' id='word_1_253' title='bbox 1208 3440 1321 3499; x_wconf 74' lang='lat' dir='ltr'>numm</span> <span class='ocrx_word' id='word_1_254' title='bbox 1340 3430 1516 3514; x_wconf 86' lang='lat' dir='ltr'>iudicauit,</span> <span class='ocrx_word' id='word_1_255' title='bbox 1541 3453 1647 3522; x_wconf 88' lang='lat' dir='ltr'>neque</span> <span class='ocrx_word' id='word_1_256' title='bbox 1666 3430 1887 3522; x_wconf 86' lang='lat' dir='ltr'>interroqaait</span> <span class='ocrx_word' id='word_1_257' title='bbox 1905 3451 1954 3498; x_wconf 87' lang='lat' dir='ltr'>nea</span> <span class='ocrx_word' id='word_1_258' title='bbox 2027 3520 2028 3527; x_wconf 6' lang='grc' dir='ltr'>ἵ</span> 
     </span>
     <span class='ocr_line' id='line_1_24' title="bbox 368 3558 1954 3656; baseline -0.001 -24"><span class='ocrx_word' id='word_1_259' title='bbox 368 3586 438 3633; x_wconf 87' lang='lat' dir='ltr'>reas</span> <span class='ocrx_word' id='word_1_260' title='bbox 457 3563 594 3646; x_wconf 87' lang='lat' dir='ltr'>citauit‚·</span> <span class='ocrx_word' id='word_1_261' title='bbox 609 3563 692 3655; x_wconf 91' lang='lat' dir='ltr'>quid</span> <span class='ocrx_word' id='word_1_262' title='bbox 710 3563 800 3632; x_wconf 84' lang='lat' dir='ltr'>cabis</span> <span class='ocrx_word' id='word_1_263' title='bbox 819 3562 964 3646; x_wconf 88' lang='lat' dir='ltr'>uidetur,</span> <span class='ocrx_word' id='word_1_264' title='bbox 983 3558 1136 3654; x_wconf 80' lang='lat' dir='ltr'>fratres?</span> <span class='ocrx_word' id='word_1_265' title='bbox 1149 3563 1325 3656; x_wconf 87' lang='lat' dir='ltr'>Numquid</span> <span class='ocrx_word' id='word_1_266' title='bbox 1341 3564 1553 3656; x_wconf 84' lang='lat' dir='ltr'>praepositus</span> <span class='ocrx_word' id='word_1_267' title='bbox 1573 3563 1633 3634; x_wconf 88' lang='lat' dir='ltr'>ille</span> <span class='ocrx_word' id='word_1_268' title='bbox 1648 3563 1780 3634; x_wconf 91' lang='lat' dir='ltr'>damini</span> <span class='ocrx_word' id='word_1_269' title='bbox 1792 3565 1849 3633; x_wconf 89' lang='lat' dir='ltr'>sui</span> <span class='ocrx_word' id='word_1_270' title='bbox 1867 3561 1954 3632; x_wconf 84' lang='lat' dir='ltr'>baula</span> 
     </span>
     <span class='ocr_line' id='line_1_25' title="bbox 363 3674 2028 3790; baseline -0.001 -25"><span class='ocrx_word' id='word_1_271' title='bbox 363 3693 593 3790; x_wconf 78' lang='lat' dir='ltr'>probabitur?</span> <span class='ocrx_word' id='word_1_272' title='bbox 2027 3674 2028 3677; x_wconf 8' lang='grc' dir='ltr'><strong>Ἴ</strong></span> 
     </span>
    </p>

    <p class='ocr_par' dir='ltr' id='par_1_5' title="bbox 370 3825 1954 4058">
     <span class='ocr_line' id='line_1_26' title="bbox 441 3825 1954 3928; baseline -0.002 -28"><span class='ocrx_word' id='word_1_273' title='bbox 441 3826 558 3901; x_wconf 86' lang='lat' dir='ltr'>Valde</span> <span class='ocrx_word' id='word_1_274' title='bbox 574 3825 762 3925; x_wconf 83' lang='lat' dir='ltr'>probabile</span> <span class='ocrx_word' id='word_1_275' title='bbox 779 3839 835 3899; x_wconf 90' lang='lat' dir='ltr'>est</span> <span class='ocrx_word' id='word_1_276' title='bbox 850 3827 911 3926; x_wconf 86' lang='lat' dir='ltr'>agi</span> <span class='ocrx_word' id='word_1_277' title='bbox 931 3825 977 3899; x_wconf 87' lang='lat' dir='ltr'>de</span> <span class='ocrx_word' id='word_1_278' title='bbox 992 3825 1176 3928; x_wconf 90' lang='lat' dir='ltr'>episeopis</span> <span class='ocrx_word' id='word_1_279' title='bbox 1196 3826 1259 3926; x_wconf 92' lang='lat' dir='ltr'>qui</span> <span class='ocrx_word' id='word_1_280' title='bbox 1280 3839 1463 3925; x_wconf 87' lang='lat' dir='ltr'>potestate</span> <span class='ocrx_word' id='word_1_281' title='bbox 1484 3853 1552 3900; x_wconf 87' lang='lat' dir='ltr'>sua</span> <span class='ocrx_word' id='word_1_282' title='bbox 1570 3827 1675 3900; x_wconf 89' lang='lat' dir='ltr'>abusi</span> <span class='ocrx_word' id='word_1_283' title='bbox 1693 3841 1791 3913; x_wconf 89' lang='lat' dir='ltr'>sunt,</span> <span class='ocrx_word' id='word_1_284' title='bbox 1811 3853 1892 3901; x_wconf 90' lang='lat' dir='ltr'>narn</span> <span class='ocrx_word' id='word_1_285' title='bbox 1905 3826 1954 3898; x_wconf 92' lang='lat' dir='ltr'>in·</span> 
     </span>
     <span class='ocr_line' id='line_1_27' title="bbox 370 3959 1427 4058; baseline -0.002 -26"><span class='ocrx_word' id='word_1_286' title='bbox 370 3960 425 4033; x_wconf 86' lang='lat' dir='ltr'>fra</span> <span class='ocrx_word' id='word_1_287' title='bbox 441 3960 645 4033; x_wconf 86' lang='lat' dir='ltr'>luculenter</span> <span class='ocrx_word' id='word_1_288' title='bbox 665 3960 710 4033; x_wconf 90' lang='lat' dir='ltr'>de</span> <span class='ocrx_word' id='word_1_289' title='bbox 727 3959 910 4058; x_wconf 86' lang='lat' dir='ltr'>episcopis</span> <span class='ocrx_word' id='word_1_290' title='bbox 930 3959 1090 4058; x_wconf 86' lang='lat' dir='ltr'>loquitur</span> <span class='ocrx_word' id='word_1_291' title='bbox 1106 3960 1245 4045; x_wconf 90' lang='lat' dir='ltr'>dicens,</span> <span class='ocrx_word' id='word_1_292' title='bbox 1269 3986 1305 4032; x_wconf 88' lang='lat' dir='ltr'>n.</span> <span class='ocrx_word' id='word_1_293' title='bbox 1327 3961 1395 4031; x_wconf 69' lang='lat'>23¹</span> <span class='ocrx_word' id='word_1_294' title='bbox 1419 3987 1427 4030; x_wconf 75' lang='grc' dir='ltr'><strong>ε</strong></span> 
     </span>
    </p>

    <p class='ocr_par' dir='ltr' id='par_1_6' title="bbox 366 4096 2028 5119">
     <span class='ocr_line' id='line_1_28' title="bbox 445 4096 1951 4189; baseline -0.002 -23"><span class='ocrx_word' id='word_1_295' title='bbox 445 4100 589 4188; x_wconf 89' lang='lat' dir='ltr'>lnsupcr</span> <span class='ocrx_word' id='word_1_296' title='bbox 616 4096 706 4188; x_wconf 89' lang='lat' dir='ltr'>quod</span> <span class='ocrx_word' id='word_1_297' title='bbox 726 4096 874 4187; x_wconf 88' lang='lat' dir='ltr'>pertinet</span> <span class='ocrx_word' id='word_1_298' title='bbox 909 4096 954 4165; x_wconf 91' lang='lat' dir='ltr'>ad</span> <span class='ocrx_word' id='word_1_299' title='bbox 980 4119 1031 4179; x_wconf 91' lang='lat' dir='ltr'>ea,</span> <span class='ocrx_word' id='word_1_300' title='bbox 1060 4120 1146 4189; x_wconf 89' lang='lat' dir='ltr'>quae</span> <span class='ocrx_word' id='word_1_301' title='bbox 1174 4097 1265 4166; x_wconf 89' lang='lat' dir='ltr'>nabis</span> <span class='ocrx_word' id='word_1_302' title='bbox 1288 4097 1499 4188; x_wconf 85' lang='lat' dir='ltr'>scripsimus,</span> <span class='ocrx_word' id='word_1_303' title='bbox 1523 4097 1748 4179; x_wconf 86' lang='lat' dir='ltr'>dilectissimi,</span> <span class='ocrx_word' id='word_1_304' title='bbox 1776 4098 1869 4168; x_wconf 89' lang='lat' dir='ltr'>scitis</span> <span class='ocrx_word' id='word_1_305' title='bbox 1896 4119 1951 4175; x_wconf 88' lang='lat' dir='ltr'>aas,</span> 
     </span>
     <span class='ocr_line' id='line_1_29' title="bbox 368 4229 1950 4324; baseline -0.003 -24"><span class='ocrx_word' id='word_1_306' title='bbox 368 4231 428 4323; x_wconf 91' lang='lat' dir='ltr'>qui</span> <span class='ocrx_word' id='word_1_307' title='bbox 459 4231 565 4321; x_wconf 86' lang='lat' dir='ltr'>leqem</span> <span class='ocrx_word' id='word_1_308' title='bbox 592 4230 743 4299; x_wconf 87' lang='lat' dir='ltr'>obtinent</span> <span class='ocrx_word' id='word_1_309' title='bbox 762 4238 794 4298; x_wconf 93' lang='lat' dir='ltr'>et</span> <span class='ocrx_word' id='word_1_310' title='bbox 814 4238 1029 4320; x_wconf 86' lang='lat' dir='ltr'>postestatem</span> <span class='ocrx_word' id='word_1_311' title='bbox 1055 4231 1201 4322; x_wconf 81' lang='lat' dir='ltr'>[parunt]</span> <span class='ocrx_word' id='word_1_312' title='bbox 1226 4230 1265 4298; x_wconf 90' lang='lat' dir='ltr'>in</span> <span class='ocrx_word' id='word_1_313' title='bbox 1289 4231 1415 4322; x_wconf 91' lang='lat' dir='ltr'>papula</span> <span class='ocrx_word' id='word_1_314' title='bbox 1444 4241 1566 4315; x_wconf 88' lang='lat' dir='ltr'>nostra,</span> <span class='ocrx_word' id='word_1_315' title='bbox 1592 4231 1727 4300; x_wconf 86' lang='lat' dir='ltr'>inuidia</span> <span class='ocrx_word' id='word_1_316' title='bbox 1753 4242 1853 4324; x_wconf 85' lang='lat' dir='ltr'>atque</span> <span class='ocrx_word' id='word_1_317' title='bbox 1876 4229 1950 4309; x_wconf 91' lang='lat' dir='ltr'>adia,</span> 
     </span>
     <span class='ocr_line' id='line_1_30' title="bbox 367 4361 2028 4455; baseline -0.003 -24"><span class='ocrx_word' id='word_1_318' title='bbox 367 4373 502 4455; x_wconf 90' lang='lat' dir='ltr'>propter</span> <span class='ocrx_word' id='word_1_319' title='bbox 525 4361 722 4446; x_wconf 88' lang='lat' dir='ltr'>auaritiam,</span> <span class='ocrx_word' id='word_1_320' title='bbox 741 4372 853 4452; x_wconf 87' lang='lat' dir='ltr'>captas</span> <span class='ocrx_word' id='word_1_321' title='bbox 874 4384 956 4431; x_wconf 90' lang='lat' dir='ltr'>esse.</span> <span class='ocrx_word' id='word_1_322' title='bbox 978 4365 1139 4433; x_wconf 89' lang='lat' dir='ltr'>Doctrina</span> <span class='ocrx_word' id='word_1_323' title='bbox 1166 4373 1283 4431; x_wconf 88' lang='lat' dir='ltr'>nostra</span> <span class='ocrx_word' id='word_1_324' title='bbox 1304 4364 1455 4432; x_wconf 89' lang='lat' dir='ltr'>maribus</span> <span class='ocrx_word' id='word_1_325' title='bbox 1480 4366 1604 4433; x_wconf 87' lang='lat' dir='ltr'>nastris</span> <span class='ocrx_word' id='word_1_326' title='bbox 1628 4364 1809 4433; x_wconf 88' lang='lat' dir='ltr'>concordat</span> <span class='ocrx_word' id='word_1_327' title='bbox 1825 4390 1834 4433; x_wconf 91' lang='lat'>:</span> <span class='ocrx_word' id='word_1_328' title='bbox 1853 4362 1953 4432; x_wconf 84' lang='lat' dir='ltr'>man-i-</span> <span class='ocrx_word' id='word_1_329' title='bbox 2027 4424 2028 4427; x_wconf 73' lang='grc'>,</span> 
     </span>
     <span class='ocr_line' id='line_1_31' title="bbox 367 4486 2028 4593; baseline 0 -30"><span class='ocrx_word' id='word_1_330' title='bbox 367 4498 449 4586; x_wconf 80' lang='lat' dir='ltr'>feste</span> <span class='ocrx_word' id='word_1_331' title='bbox 462 4495 715 4564; x_wconf 89' lang='lat' dir='ltr'>ambulavimus</span> <span class='ocrx_word' id='word_1_332' title='bbox 736 4506 767 4564; x_wconf 88' lang='lat' dir='ltr'>et</span> <span class='ocrx_word' id='word_1_333' title='bbox 782 4497 960 4587; x_wconf 79' lang='lat' dir='ltr'>manifeste</span> <span class='ocrx_word' id='word_1_334' title='bbox 978 4496 1140 4588; x_wconf 86' lang='lat' dir='ltr'>castiqati</span> <span class='ocrx_word' id='word_1_335' title='bbox 1152 4518 1284 4565; x_wconf 90' lang='lat' dir='ltr'>sumus.</span> <span class='ocrx_word' id='word_1_336' title='bbox 1302 4498 1439 4593; x_wconf 86' lang='lat' dir='ltr'>Namet</span> <span class='ocrx_word' id='word_1_337' title='bbox 1453 4519 1530 4565; x_wconf 89' lang='lat' dir='ltr'>eum</span> <span class='ocrx_word' id='word_1_338' title='bbox 1548 4507 1702 4566; x_wconf 87' lang='lat' dir='ltr'>sanctam</span> <span class='ocrx_word' id='word_1_339' title='bbox 1719 4520 1882 4567; x_wconf 90' lang='lat' dir='ltr'>manuum</span> <span class='ocrx_word' id='word_1_340' title='bbox 1897 4498 1953 4565; x_wconf 90' lang='lat' dir='ltr'>im·</span> <span class='ocrx_word' id='word_1_341' title='bbox 2027 4486 2028 4495; x_wconf 64' lang='grc'>’</span> 
     </span>
     <span class='ocr_line' id='line_1_32' title="bbox 366 4628 1953 4725; baseline -0.002 -29"><span class='ocrx_word' id='word_1_342' title='bbox 366 4628 568 4721; x_wconf 88' lang='lat' dir='ltr'>positionem</span> <span class='ocrx_word' id='word_1_343' title='bbox 584 4629 734 4697; x_wconf 79' lang='lat' dir='ltr'>domines</span> <span class='ocrx_word' id='word_1_344' title='bbox 747 4652 768 4698; x_wconf 95' lang='lat' dir='ltr'>a</span> <span class='ocrx_word' id='word_1_345' title='bbox 782 4630 876 4699; x_wconf 89' lang='lat' dir='ltr'>nobis</span> <span class='ocrx_word' id='word_1_346' title='bbox 895 4628 1079 4719; x_wconf 85' lang='lat' dir='ltr'>accipiunt,</span> <span class='ocrx_word' id='word_1_347' title='bbox 1099 4629 1165 4698; x_wconf 88' lang='lat' dir='ltr'>soli</span> <span class='ocrx_word' id='word_1_348' title='bbox 1184 4629 1396 4725; x_wconf 82' lang='lat' dir='ltr'>impositioni</span> <span class='ocrx_word' id='word_1_349' title='bbox 1415 4629 1597 4700; x_wconf 88' lang='lat' dir='ltr'>intendunt</span> <span class='ocrx_word' id='word_1_350' title='bbox 1612 4653 1671 4699; x_wconf 87' lang='lat' dir='ltr'>nec</span> <span class='ocrx_word' id='word_1_351' title='bbox 1692 4641 1805 4700; x_wconf 88' lang='lat' dir='ltr'>nostro</span> <span class='ocrx_word' id='word_1_352' title='bbox 1826 4641 1953 4721; x_wconf 89' lang='lat' dir='ltr'>tempora</span> 
     </span>
     <span class='ocr_line' id='line_1_33' title="bbox 371 4759 1952 4854; baseline -0.003 -25"><span class='ocrx_word' id='word_1_353' title='bbox 371 4763 436 4832; x_wconf 89' lang='lat' dir='ltr'>cita</span> <span class='ocrx_word' id='word_1_354' title='bbox 455 4764 622 4852; x_wconf 88' lang='lat' dir='ltr'>reperitur</span> <span class='ocrx_word' id='word_1_355' title='bbox 638 4764 698 4846; x_wconf 88' lang='lat' dir='ltr'>air,</span> <span class='ocrx_word' id='word_1_356' title='bbox 718 4763 778 4854; x_wconf 91' lang='lat' dir='ltr'>qui</span> <span class='ocrx_word' id='word_1_357' title='bbox 797 4772 890 4853; x_wconf 88' lang='lat' dir='ltr'>raqet</span> <span class='ocrx_word' id='word_1_358' title='bbox 911 4788 921 4831; x_wconf 91' lang='lat'>.·</span> <span class='ocrx_word' id='word_1_359' title='bbox 939 4762 1022 4846; x_wconf 86' lang='lat' dir='ltr'>Quis</span> <span class='ocrx_word' id='word_1_360' title='bbox 1042 4764 1135 4832; x_wconf 85' lang='lat' dir='ltr'>timet</span> <span class='ocrx_word' id='word_1_361' title='bbox 1149 4759 1283 4831; x_wconf 76' lang='lat' dir='ltr'>Deam?</span> <span class='ocrx_word' id='word_1_362' title='bbox 1299 4763 1357 4831; x_wconf 89' lang='lat' dir='ltr'>scd</span> <span class='ocrx_word' id='word_1_363' title='bbox 1370 4764 1508 4852; x_wconf 85' lang='lat' dir='ltr'>maqis:</span> <span class='ocrx_word' id='word_1_364' title='bbox 1531 4763 1615 4847; x_wconf 85' lang='lat' dir='ltr'>Quis</span> <span class='ocrx_word' id='word_1_365' title='bbox 1633 4775 1682 4833; x_wconf 86' lang='lat' dir='ltr'>est</span> <span class='ocrx_word' id='word_1_366' title='bbox 1698 4764 1736 4832; x_wconf 90' lang='lat' dir='ltr'>in</span> <span class='ocrx_word' id='word_1_367' title='bbox 1755 4763 1952 4833; x_wconf 84' lang='lat' dir='ltr'>ordinatiane</span> 
     </span>
     <span class='ocr_line' id='line_1_34' title="bbox 372 4890 1950 4987; baseline -0.002 -25"><span class='ocrx_word' id='word_1_368' title='bbox 372 4891 574 4986; x_wconf 80' lang='lat' dir='ltr'>antiquior?</span> <span class='ocrx_word' id='word_1_369' title='bbox 589 4896 776 4987; x_wconf 81' lang='lat' dir='ltr'>Statimque</span> <span class='ocrx_word' id='word_1_370' title='bbox 791 4906 829 4965; x_wconf 88' lang='lat' dir='ltr'>ut</span> <span class='ocrx_word' id='word_1_371' title='bbox 847 4896 1005 4965; x_wconf 87' lang='lat' dir='ltr'>auditum</span> <span class='ocrx_word' id='word_1_372' title='bbox 1024 4895 1116 4986; x_wconf 83' lang='lat' dir='ltr'>suit:</span> <span class='ocrx_word' id='word_1_373' title='bbox 1134 4899 1200 4965; x_wconf 89' lang='lat' dir='ltr'>lste</span> <span class='ocrx_word' id='word_1_374' title='bbox 1218 4895 1332 4965; x_wconf 88' lang='lat' dir='ltr'>senior</span> <span class='ocrx_word' id='word_1_375' title='bbox 1345 4906 1413 4980; x_wconf 89' lang='lat' dir='ltr'>est‚·</span> <span class='ocrx_word' id='word_1_376' title='bbox 1424 4896 1543 4966; x_wconf 87' lang='lat' dir='ltr'>dicunt</span> <span class='ocrx_word' id='word_1_377' title='bbox 1562 4898 1595 4965; x_wconf 87' lang='lat' dir='ltr'>ei</span> <span class='ocrx_word' id='word_1_378' title='bbox 1615 4921 1626 4965; x_wconf 89' lang='lat'>.·</span> <span class='ocrx_word' id='word_1_379' title='bbox 1642 4898 1816 4968; x_wconf 87' lang='lat' dir='ltr'>Primaria</span> <span class='ocrx_word' id='word_1_380' title='bbox 1831 4898 1894 4966; x_wconf 84' lang='lat' dir='ltr'>lara</span> <span class='ocrx_word' id='word_1_381' title='bbox 1907 4890 1950 4982; x_wconf 66' lang='lat' dir='ltr'>[a]</span> 
     </span>
     <span class='ocr_line' id='line_1_35' title="bbox 371 5029 679 5119; baseline 0.013 -24"><span class='ocrx_word' id='word_1_382' title='bbox 371 5038 497 5119; x_wconf 89' lang='lat' dir='ltr'>oportet</span> <span class='ocrx_word' id='word_1_383' title='bbox 514 5029 679 5099; x_wconf 81' lang='lat' dir='ltr'>adsidere.</span> 
     </span>
    </p>

    <p class='ocr_par' dir='ltr' id='par_1_7' title="bbox 369 5157 1947 5526">
     <span class='ocr_line' id='line_1_36' title="bbox 443 5157 1947 5258; baseline -0.007 -25"><span class='ocrx_word' id='word_1_384' title='bbox 443 5159 564 5233; x_wconf 85' lang='lat' dir='ltr'>Verba</span> <span class='ocrx_word' id='word_1_385' title='bbox 588 5174 645 5233; x_wconf 89' lang='lat' dir='ltr'>sat</span> <span class='ocrx_word' id='word_1_386' title='bbox 667 5160 765 5233; x_wconf 88' lang='lat' dir='ltr'>alara</span> <span class='ocrx_word' id='word_1_387' title='bbox 786 5171 884 5232; x_wconf 90' lang='lat' dir='ltr'>sunt.</span> <span class='ocrx_word' id='word_1_388' title='bbox 908 5158 1129 5231; x_wconf 68' lang='lat' dir='ltr'>ambitionis</span> <span class='ocrx_word' id='word_1_389' title='bbox 1153 5159 1276 5258; x_wconf 89' lang='lat' dir='ltr'>itaque</span> <span class='ocrx_word' id='word_1_390' title='bbox 1299 5160 1429 5232; x_wconf 86' lang='lat' dir='ltr'>vitium</span> <span class='ocrx_word' id='word_1_391' title='bbox 1451 5160 1548 5233; x_wconf 87' lang='lat' dir='ltr'>inter</span> <span class='ocrx_word' id='word_1_392' title='bbox 1570 5160 1670 5234; x_wconf 89' lang='lat' dir='ltr'>viros</span> <span class='ocrx_word' id='word_1_393' title='bbox 1695 5157 1947 5234; x_wconf 77' lang='lat' dir='ltr'>ecclesiasticos</span> 
     </span>
     <span class='ocr_line' id='line_1_37' title="bbox 369 5286 1942 5391; baseline 0.001 -29"><span class='ocrx_word' id='word_1_394' title='bbox 369 5290 442 5363; x_wconf 89' lang='lat' dir='ltr'>late</span> <span class='ocrx_word' id='word_1_395' title='bbox 466 5292 717 5391; x_wconf 81' lang='lat' dir='ltr'>grassabatur.</span> <span class='ocrx_word' id='word_1_396' title='bbox 743 5292 884 5388; x_wconf 83' lang='lat' dir='ltr'>Quodsi</span> <span class='ocrx_word' id='word_1_397' title='bbox 907 5316 995 5365; x_wconf 85' lang='lat' dir='ltr'>vero</span> <span class='ocrx_word' id='word_1_398' title='bbox 1019 5305 1172 5364; x_wconf 82' lang='lat' dir='ltr'>mortain</span> <span class='ocrx_word' id='word_1_399' title='bbox 1197 5294 1234 5365; x_wconf 89' lang='lat' dir='ltr'>S.</span> <span class='ocrx_word' id='word_1_400' title='bbox 1259 5293 1441 5366; x_wconf 88' lang='lat' dir='ltr'>Simeonis</span> <span class='ocrx_word' id='word_1_401' title='bbox 1466 5319 1549 5366; x_wconf 88' lang='lat' dir='ltr'>enm</span> <span class='ocrx_word' id='word_1_402' title='bbox 1576 5293 1773 5368; x_wconf 86' lang='lat' dir='ltr'>Assemani</span> <span class='ocrx_word' id='word_1_403' title='bbox 1798 5317 1886 5368; x_wconf 88' lang='lat' dir='ltr'>anno</span> <span class='ocrx_word' id='word_1_404' title='bbox 1908 5286 1942 5358; x_wconf 87' lang='lat' dir='ltr'>3l</span> 
     </span>
     <span class='ocr_line' id='line_1_38' title="bbox 370 5423 1944 5526; baseline -0.001 -31"><span class='ocrx_word' id='word_1_405' title='bbox 370 5425 518 5522; x_wconf 87' lang='lat' dir='ltr'>Saporis</span> <span class='ocrx_word' id='word_1_406' title='bbox 545 5440 755 5524; x_wconf 86' lang='lat' dir='ltr'>computare</span> <span class='ocrx_word' id='word_1_407' title='bbox 780 5425 949 5512; x_wconf 88' lang='lat' dir='ltr'>velimus,</span> <span class='ocrx_word' id='word_1_408' title='bbox 977 5423 1089 5497; x_wconf 85' lang='lat' dir='ltr'>verba</span> <span class='ocrx_word' id='word_1_409' title='bbox 1117 5425 1206 5498; x_wconf 86' lang='lat' dir='ltr'>haee</span> <span class='ocrx_word' id='word_1_410' title='bbox 1233 5451 1276 5499; x_wconf 91' lang='lat' dir='ltr'>eo</span> <span class='ocrx_word' id='word_1_411' title='bbox 1304 5440 1469 5524; x_wconf 87' lang='lat' dir='ltr'>ternpore</span> <span class='ocrx_word' id='word_1_412' title='bbox 1494 5428 1631 5526; x_wconf 88' lang='lat' dir='ltr'>scripta</span> <span class='ocrx_word' id='word_1_413' title='bbox 1658 5454 1740 5501; x_wconf 88' lang='lat' dir='ltr'>esse</span> <span class='ocrx_word' id='word_1_414' title='bbox 1772 5423 1944 5501; x_wconf 80' lang='lat' dir='ltr'>dicendum</span> 
     </span>
    </p>
   </div>
   <div class='ocr_carea' id='block_1_3' title="bbox 433 5707 991 5796">
    <p class='ocr_par' dir='ltr' id='par_1_8' title="bbox 433 5707 991 5796">
     <span class='ocr_line' id='line_1_39' title="bbox 433 5707 991 5796; baseline 0.004 -26"><span class='ocrx_word' id='word_1_415' title='bbox 433 5708 441 5746; x_wconf 86' lang='lat'><strong>⁴</strong></span> <span class='ocrx_word' id='word_1_416' title='bbox 458 5708 654 5796; x_wconf 79' lang='lat' dir='ltr'>Patrologia</span> <span class='ocrx_word' id='word_1_417' title='bbox 669 5710 821 5792; x_wconf 74' lang='lat' dir='ltr'>Syriaca,</span> <span class='ocrx_word' id='word_1_418' title='bbox 838 5729 871 5792; x_wconf 92' lang='lat' dir='ltr'>p.</span> <span class='ocrx_word' id='word_1_419' title='bbox 890 5707 912 5784; x_wconf 89' lang='lat' dir='ltr'>l,</span> <span class='ocrx_word' id='word_1_420' title='bbox 928 5719 951 5773; x_wconf 90' lang='lat' dir='ltr'>t.</span> <span class='ocrx_word' id='word_1_421' title='bbox 969 5709 991 5773; x_wconf 91' lang='lat' dir='ltr'>l.</span> 
     </span>
    </p>
   </div>
   <div class='ocr_carea' id='block_1_4' title="bbox 0 0 2058 6452">
    <p class='ocr_par' dir='ltr' id='par_1_9' title="bbox 0 0 2058 6452">
     <span class='ocr_line' id='line_1_40' title="bbox 0 0 2058 6452; baseline 0 0"><span class='ocrx_word' id='word_1_422' title='bbox 0 0 2058 6452; x_wconf 95' lang='lat' dir='ltr'> </span> 
     </span>
    </p>
   </div>
  </div>
 </body>
</html>
