4120 6458
377 459 436 515 509
918 446 1164 510 PRAEFATIO
1186 485 1225 493 -
1247 445 1390 511 CAPUT
1413 448 1437 510 Ι.

449 633 604 703 Demum
625 628 827 702 notandum
847 640 904 700 est
921 630 958 699 S.
980 626 1138 725 Ephrem
1157 626 1327 699 versibus
1348 628 1401 699 uti
1417 628 1464 701 ad
1484 598 1725 701 refellendum
1746 655 1839 729 opus
1860 632 1969 728 quod·

376 764 460 835 dam
482 762 651 837 versibus
673 761 784 834 etiam
807 771 1007 832 exaratum.
1032 763 1123 831 Nam
1145 759 1234 831 citat
1253 771 1395 832 tantum
1419 760 1581 857 psalmos
1606 788 1626 833 a
1654 761 1865 835 Bardesane
1891 789 1969 835 eon·

377 897 506 969 lectos.
531 894 723 990 Quinimo,
750 892 786 963 in
812 890 940 989 primis
962 890 1130 964 versibus
1158 890 1235 963 suis
1260 916 1327 964 nos
1355 891 1481 965 docuit
1504 918 1544 965 se
1570 917 1725 992 poenam
1753 894 1967 968 Bardesanis

375 1053 602 1129 exaggerare
622 1026 783 1100 voluisse
803 1054 810 1097 :

449 1164 489 1234 P.
512 1162 583 1233 437
605 1162 637 1233 Α
657 1188 663 1230 :
684 1164 781 1228 rm
794 1159 857 1229 tant
873 1170 939 1232 rasa
958 1170 1012 1244 rep
1026 1169 1061 1223 06»
1080 1170 1163 1227 timi
1179 1176 1270 1243 neap
1288 1160 1381 1240 sant
1395 1168 1455 1227 rst-
1469 1179 1512 1240 ,aa

448 1297 609 1389 Quisquis
632 1318 774 1388 aegrum
795 1317 921 1364 sonore
938 1297 1046 1385 cupit,
1067 1317 1214 1385 poenam
1236 1305 1439 1386 crepuerat,
1464 1318 1523 1364 nec
1543 1296 1615 1365 ideo
1638 1296 1752 1365 minus
1771 1307 1884 1377 omot;
1905 1306 1970 1365 tor·

374 1440 463 1524 quet,
489 1453 547 1499 nec
566 1430 647 1514 odit,
674 1452 849 1520 tranquaut
866 1428 982 1496 minus
1002 1427 1114 1496 iratus
1129 1450 1231 1519 priam
1252 1450 1326 1497 cum
1347 1429 1466 1498 saevit.

1162 1711 1192 1780 ll

815 1966 1005 2013 lucrosum
1032 1966 1281 2012 RECENTIORUM
1309 1966 1535 2012 TESTIMONIA.

375 2177 397 2223 1.
417 2173 595 2224 sozomenus.
608 2199 639 2209 —
653 2176 676 2221 2.
693 2170 892 2222 Theodoretus.
907 2198 938 2206 —
952 2173 975 2219 ³.
992 2172 1098 2220 Auctor
1112 2168 1242 2222 Chronici
1260 2169 1391 2221 Edessae,
1409 2198 1441 2206 -
1452 2175 1475 2220 3.
1492 2170 1568 2220 Elias
1583 2170 1742 2222 Nisibenus,
1757 2200 1789 2206 —
1803 2177 1827 2221 5.
1845 2172 1974 2223 Philoxe-

435 2272 496 2311 nus.
511 2289 543 2296 -
552 2266 575 2310 o.
593 2261 715 2311 Historia
731 2257 884 2310 Rabbulae.
897 2286 929 2297 -
942 2263 964 2308 7·
981 2257 1100 2309 Iacobus
1112 2258 1279 2308 Edessenus.
1289 2285 1321 2296 -
1331 2261 1356 2308 8.
1373 2258 1509 2323 Georgius
1520 2257 1644 2310 Arabum
1655 2261 1814 2324 episcopus.
1827 2288 1858 2296 -
1869 2266 1892 2311 9.
1907 2261 1974 2322 bloy-

436 2363 482 2400 ses
509 2349 564 2399 Bar
588 2349 693 2414 Kepha
720 2375 752 2385 -
775 2350 813 2397 to.
843 2347 982 2398 Praelatio
1011 2346 1124 2398 arabica
1150 2346 1259 2397 concilii
1288 2348 1411 2399 Nicaeni·
1435 2376 1466 2384 -
1493 2350 1531 2397 tt.
1552 2347 1715 2399 Theodorus
1737 2348 1793 2398 Bar
1822 2349 1921 2398 Kbrini.
1945 2375 1974 2385 —
2047 2364 2048 2399 t

436 2443 474 2488 tu.
500 2437 617 2488 Masddi.
641 2464 672 2475 -
702 2440 740 2488 13.
768 2436 884 2488 Fibrtst.
913 2463 945 2474 -
971 2440 1009 2486 tt.
1034 2436 1540 2487 Mubammad-ascb-Sebabrastani.
1564 2463 1596 2474 -
1619 2441 1656 2487 15.
1684 2437 1800 2487 Michael
1829 2438 1922 2501 Syrus.
1945 2464 1975 2475 -
2047 2404 2048 2447 l

436 2531 474 2577 16.
491 2526 547 2577 Bar
561 2526 716 2578 Hebraeus.

447 2723 673 2810 Notandum,
706 2724 864 2797 decursu
890 2723 1081 2821 temporis,
1113 2721 1360 2795 Bardesanem
1386 2721 1506 2822 magis
1536 2748 1578 2795 ac
1604 2722 1725 2822 magis
1751 2722 1973 2796 haereticum

373 2857 553 2943 evasisse;
584 2856 642 2929 vel
667 2855 764 2929 enim
794 2855 966 2953 discipuli
994 2853 1233 2941 Bardesanis,
1262 2855 1298 2927 vi
1326 2855 1676 2942 controversiarum,
1711 2855 1757 2927 ab
1788 2856 1972 2930 Ecclesiae

374 2989 550 3064 doctrinis
565 2989 758 3063 exularunt
773 3001 809 3061 et
825 3013 950 3060 eorum
966 3012 1109 3061 errores
1127 2988 1306 3086 magistro
1321 2987 1481 3061 tributae
1497 2988 1658 3073 suerunt,
1676 2988 1734 3061 vel
1750 2989 1972 3063 recentiores

350 3136 559 3210 auctores,
585 3123 731 3220 scriptis
757 3121 978 3194 Bardesanis
1002 3121 1134 3206 orbati,
1162 3121 1366 3194 doctrinam
1391 3121 1470 3193 eius
1496 3147 1541 3192 ex
1566 3121 1740 3219 operibus
1762 3146 1888 3194 eorum
1915 3122 1972 3220 qui
2047 3206 2048 3223 χ

372 3257 405 3329 ei
421 3255 720 3341 adversabantur,
741 3254 955 3339 hauserunt,
982 3268 1018 3327 et
1042 3280 1063 3327 a
1084 3254 1218 3327 veriori
1241 3279 1353 3327 sensu
1376 3267 1598 3329 averterunt.
1627 3257 1719 3327 Nam
1746 3257 1783 3327 S.
1815 3255 1971 3353 Ephrem

371 3415 558 3488 nunquam
586 3390 697 3462 refert
720 3388 924 3462 doctrinam
952 3388 1173 3461 Bardesanis
1193 3387 1239 3460 ad
1263 3387 1467 3460 doctrinam
1490 3387 1677 3461 Valentini
1705 3401 1741 3460 et
1762 3388 1971 3487 gnosticum

370 3524 473 3596 illum
490 3547 572 3596 esse
585 3547 652 3595 nec
667 3522 812 3606 asserit,
831 3545 898 3593 nec
914 3521 1057 3619 probat,
1076 3520 1141 3593 sed
1160 3521 1383 3594 recentiores
1400 3533 1581 3607 auctores,
1600 3520 1646 3592 ab
1662 3520 1821 3593 Eusebio
1838 3534 1875 3593 et
1893 3522 1972 3620 Epi·
2047 3602 2048 3607 ,

369 3656 505 3756 phanio
520 3655 686 3754 persuasi
704 3655 949 3728 Bardesanem
966 3653 1012 3726 ad
1025 3653 1187 3727 scholam
1202 3654 1388 3729 Valentini
1407 3654 1603 3752 pertinere,
1621 3653 1733 3726 verba
1750 3656 1789 3726 S.
1815 3654 1972 3752 Ephrem
2047 3702 2048 3707 =

371 3790 492 3889 aliquo
513 3790 621 3861 modo
636 3787 870 3861 detorserunt
889 3801 929 3860 ut
949 3787 1135 3860 doctrinas
1153 3787 1341 3861 Valentini
1360 3787 1523 3860 tribuere
1542 3800 1695 3885 possent
1718 3786 1934 3860 Bardesani.

448 3924 479 3994 l.
505 3925 742 4011 Sozomenus,
761 3920 799 3993 in
822 3920 968 3993 saeculo
990 3921 1131 4018 quinto,
1150 3945 1218 3993 nos
1243 3922 1351 3993 docet
1376 3921 1623 3993 Bardesanem
1645 3919 1820 3993 habuisse
1843 3919 1970 4015 filium,

370 4055 609 4127 Harmonium
633 4054 792 4141 nomine,
816 4054 877 4152 qui
898 4054 1031 4126 litteris
1056 4054 1201 4152 graecis
1224 4054 1401 4140 imbutuS,
1424 4052 1580 4152 primum
1601 4078 1773 4126 numeros
1800 4054 1972 4127 metricos

369 4200 407 4261 et
427 4189 576 4261 modum
599 4187 779 4260 musicum
799 4200 835 4259 et
855 4186 987 4259 choros
1011 4186 1048 4258 in
1069 4186 1250 4285 syriacam
1279 4187 1446 4286 linguam
1470 4186 1606 4259 intulit.
1632 4186 1822 4285 Expressit
1843 4186 1972 4259 carmi-

369 4321 476 4394 nibus
505 4321 583 4393 suis
611 4345 754 4394 errores
780 4320 909 4418 patris,
944 4334 979 4394 et
1012 4323 1050 4393 S.
1080 4318 1255 4419 Ephrem,
1282 4319 1411 4393 videns
1437 4319 1605 4393 homines
1637 4319 1798 4419 rhythmi
1840 4319 1971 4392 musici

369 4454 550 4527 suavitate
568 4454 662 4552 capi,
682 4454 820 4526 eisdem
841 4453 1003 4525 numeris
1025 4452 1116 4526 odas
1139 4453 1345 4552 composuit
1359 4457 1384 4523 ¹.

446 4590 500 4659 Ex
514 4587 582 4659 hac
595 4588 688 4660 salsa
705 4587 897 4661 Sozomeni
913 4586 1122 4659 narratione
1139 4585 1273 4657 Psalmi
1289 4599 1437 4658 eentum
1452 4599 1489 4659 et
1504 4585 1772 4685 quinquaginta
1785 4584 1833 4657 ad
1849 4585 1971 4659 imita-

366 4722 504 4794 tionem
524 4721 675 4793 Davidis
696 4721 796 4819 regis
816 4720 1023 4817 compositi,
1042 4744 1135 4817 quos
1155 4722 1192 4791 S.
1218 4719 1376 4817 Ephrem
1396 4719 1526 4792 tribuit
1548 4718 1761 4803 Bardesani,
1784 4743 1858 4791 non
1880 4720 1972 4791 luis-

367 4868 449 4929 sent
480 4853 526 4926 ab
560 4854 623 4926 illo
653 4854 779 4952 scripti
812 4853 877 4926 sed
902 4879 923 4924 a
950 4853 1024 4925 srlio
1051 4853 1148 4940 eius,
1175 4865 1211 4925 et
1242 4877 1316 4924 non
1350 4853 1597 4926 Bardesanem
1632 4852 1697 4925 sed
1732 4854 1972 4926 Harmonium

367 4988 518 5061 citasset
541 5000 577 5060 et
599 4988 856 5086 impugnasset
881 4989 920 5093 S.⁴
949 4987 1117 5084 Ephrem.

441 5123 476 5193 2.
504 5123 609 5193 quta
629 5120 900 5193 Theodoretum
923 5123 959 5214 (Ι-
975 5121 1059 5213 458)
1080 5120 1308 5193 Bardesanes
1329 5119 1443 5192 multa
1464 5118 1612 5218 scripsit
1636 5120 1792 5219 syriace,
1814 5145 1909 5218 quae
1935 5120 1971 5192 in

367 5280 538 5355 graecam
566 5254 732 5353 linguam
760 5278 867 5325 versa
887 5266 985 5325 sunt.
1005 5256 1095 5324 ltem
1114 5252 1212 5328 filius
1233 5253 1312 5326 eius
1339 5253 1573 5334 Harmonius,
1597 5252 1753 5326 Athenis
1774 5253 1968 5339 educatus

367 5388 481 5461 multa
501 5400 536 5461 et
560 5388 638 5486 ipse
662 5387 809 5485 scripsit
833 5386 977 5485 syriaca
998 5387 1144 5486 lingua3
1171 5400 1347 5486 utrosque
1379 5387 1511 5460 relellit
1533 5388 1570 5459 S.
1591 5386 1790 5485 Ephrem².

428 5592 436 5629 ⁴
455 5591 497 5655 H.
513 5591 554 5653 E.
573 5590 627 5666 ΙΙΙ,
645 5597 696 5666 16;
718 5590 838 5674 Migne,
857 5591 896 5652 P.
916 5588 955 5652 G.
978 5600 999 5653 t.
1018 5590 1144 5665 LXVll,
1162 5588 1223 5654 col.
1242 5596 1328 5653 1090.

426 5699 438 5736 ²
454 5697 496 5760 H.
513 5698 551 5760 F.
570 5697 592 5773 l,
610 5704 664 5774 223
681 5697 801 5781 Migne‚
819 5696 859 5759 P.
880 5696 919 5759 G.
933 5706 956 5758 t.
974 5696 1147 5773 cxxxiii,
1164 5695 1224 5759 eol.
1242 5702 1312 5759 372.
