4108 6458
351 509 410 566 700
875 498 1120 565 PRAEFATIO
1143 538 1181 548 —
1203 499 1345 567 CAPUT
1367 500 1422 564 lll.

428 689 568 786 Quodsi
584 715 701 763 annus
718 690 791 761 656
811 726 858 752 =
874 690 921 762 36
939 691 1089 788 Saporis
1109 702 1179 776 est,

613 834 700 896 tunc
715 823 784 895 651
807 859 852 883 =
871 823 914 894 31
941 823 1091 921 Saporis
1123 847 1195 921 quo
1229 822 1406 897 ecclcsiae
1433 823 1575 897 dirutae
1609 835 1708 910 sunt,
1735 847 1808 920 quo
1839 822 1948 894 etiam

354 957 455 1030 iuxta
470 957 545 1044 MS,
561 955 768 1053 persecutio
785 956 974 1029 exordium
994 955 1165 1055 sumpsit.

428 1088 585 1184 Quinam
605 1100 727 1162 autem
746 1100 900 1162 eventus
923 1087 1141 1188 designatur
1160 1088 1376 1167 nomineris
1388 1111 1443 1168 ua:
1466 1121 1483 1155 «
1507 1089 1631 1162 caedis
1651 1112 1808 1188 magnae
1826 1088 1870 1158 »l
1891 1086 1946 1160 Ad

353 1223 446 1295 hanc
460 1221 712 1321 quaestionem
731 1222 812 1321 ipsa
825 1234 1028 1321 martyrum
1035 1223 1131 1295 Acta
1145 1223 1381 1322 respondent.
1397 1230 1451 1301 us
1469 1221 1663 1301 pecuedes
1677 1246 1815 1321 magna
1828 1220 1948 1322 appel·

356 1356 452 1428 latur
475 1354 702 1428 tumultuosa
723 1366 925 1455 martyrum
944 1354 1144 1428 trucidatio
1163 1355 1201 1428 in
1223 1356 1313 1429 urbe
1334 1355 1639 1429 Karka-dhedan
1664 1353 1759 1427 lacta
1785 1379 1884 1427 anno
1904 1354 1947 1426 32

356 1488 508 1587 Saporis
535 1487 691 1586 regiain
712 1486 982 1586 subscriptione
1004 1487 1150 1561 Codicis
1169 1488 1340 1562 Vaticani
1370 1488 1453 1587 Syri
1474 1514 1510 1560 n.
1541 1488 1610 1560 160
1629 1487 1693 1561 sol.
1715 1488 1777 1559 92¹
1800 1515 1808 1557 :
1830 1499 1949 1581 *auft-

349 1639 427 1701 tatto
442 1644 504 1705 us,
523 1628 580 1699 itu..
597 1641 652 1706 ras
666 1632 734 1704 ruta
752 1642 833 1713 μιᾳ
846 1641 922 1705 rus,
937 1628 990 1698 nst
1004 1642 1084 1705 una
1094 1632 1233 1699 uum}
1247 1638 1337 1707 ,aaa
1349 1640 1415 1705 ..aa
1429 1618 1512 1705 ‚aas
1530 1653 1547 1687 «
1570 1620 1715 1693 Desinit
1737 1619 1947 1718 (enarratio)

354 1755 399 1828 de
415 1754 599 1827 occisione
609 1756 647 1826 S.
663 1753 844 1827 Simeonis
858 1766 895 1827 et
907 1754 953 1827 de
965 1757 1064 1827 caede
1077 1767 1426 1848 muqnusanctorum
1437 1754 1505 1828 Dei
1516 1768 1730 1853 martyrum,
1745 1752 1947 1852 quaefacta

353 1901 410 1961 est
429 1888 466 1959 in
480 1887 666 1961 territorio
681 1887 890 1986 provinciae
912 1887 1126 1960 Huzitarum
1149 1915 1181 1958 a.
1201 1890 1254 1961 Ex
1271 1889 1376 1960 Actis
1389 1900 1512 1961 autem
1530 1900 1755 1986 compertum
1770 1886 1946 1960 hahemus

357 2020 506 2094 caedem
522 2019 616 2093 hanc
635 2045 716 2093 earn
731 2019 844 2093 luisse
860 1998 1099 2119 quae-omnes
1115 2020 1276 2119 reliquas
1291 2033 1493 2120 superaret.
1511 2020 1642 2093 Edicto
1659 2020 1757 2093 enim
1772 2019 1832 2092 die
1844 2045 1947 2119 para·

354 2178 481 2227 sceves
495 2153 728 2253 promulgato
741 2178 786 2226 ex
800 2153 905 2226 cuius
923 2166 1050 2227 tenore
1066 2178 1206 2240 omnes,
1225 2154 1286 2252 qni
1306 2154 1491 2228 noluerint
1511 2153 1625 2227 solem
1646 2154 1812 2238 adorare,
1829 2177 1947 2252 poena

352 2287 483 2385 capitis
498 2286 713 2359 afficiantur.
728 2289 797 2359 Per
812 2286 939 2359 decem
955 2287 1033 2359 dies
1046 2286 1245 2360 Christiani
1261 2313 1335 2360 non
1350 2286 1468 2361 solum
1484 2287 1529 2359 ad
1546 2310 1674 2360 necem
1689 2285 1948 2385 conquireban-

353 2431 427 2506 tur,
446 2420 511 2492 scd
533 2419 611 2492 sola
634 2419 818 2493 conlessio
841 2420 999 2492 nominis
1022 2419 1220 2493 Christiani
1242 2444 1353 2493 causa
1380 2420 1565 2493 sufficiens
1586 2419 1790 2492 habebatur
1814 2419 1861 2491 ad
1886 2443 1947 2491 eos

354 2552 579 2652 perdendos3
603 2552 736 2666 spretis
762 2553 859 2627 enim
888 2552 1055 2626 formulis
1076 2553 1202 2626 indicii
1222 2553 1365 2626 ferendi
1387 2553 1465 2627 sola
1485 2553 1652 2652 quaestio
1677 2552 1948 2653 proponebatur

356 2698 543 2770 accusato,
562 2710 757 2784 quamnam
772 2684 989 2783 religionem
1010 2697 1225 2772 sectaretur,
1247 2688 1285 2759 et
1305 2687 1335 2759 si
1356 2699 1472 2760 semet
1492 2685 1741 2759 Christianum
1760 2684 1947 2783 professus

354 2832 427 2906 est,
450 2818 548 2892 illico
577 2818 722 2892 occisus
752 2832 825 2904 est,
848 2845 921 2917 qua
944 2820 1084 2893 ratione
1110 2819 1259 2920 plurimi
1286 2820 1487 2920 perierunt.
1517 2821 1687 2915 Quantus
1714 2817 1823 2891 luerit
1847 2818 1947 2890 furor

350 2951 625 3052 persecutorum
650 2951 734 3026 inde
760 2965 874 3051 patet,
905 2952 1002 3051 quod
1022 2953 1100 3051 ipse
1120 2954 1223 3026 Azad
1251 2952 1440 3027 eunuchus
1466 2952 1545 3053 regi
1570 2951 1858 3037 amantissimus
1886 2949 1946 3050 qui

352 3085 566 3184 martyrium
593 3110 637 3158 ex
664 3111 787 3158 amore
810 3085 947 3158 Christi
968 3085 1091 3159 subire
1114 3086 1242 3159 volens
1263 3112 1302 3159 se
1323 3086 1542 3159 monachum
1564 3084 1761 3173 simulavit,
1783 3084 1819 3156 in
1837 3084 1946 3156 caede

358 3218 584 3292 tumultuosa
598 3219 719 3318 periit.
739 3220 830 3292 Cum
848 3218 962 3317 igitur
982 3219 1029 3292 ab
1049 3244 1144 3291 anno
1164 3219 1281 3318 primo
1301 3245 1417 3318 usque
1437 3220 1484 3292 ad
1504 3244 1639 3292 annum
1659 3217 1853 3317 septimum
1874 3224 1946 3309 (ce-

351 3364 470 3424 temm
490 3376 608 3450 neque
623 3352 781 3450 postea),
805 3351 937 3425 caedes
962 3364 1162 3450 martyrum
1185 3377 1253 3425 nec
1271 3365 1346 3425 tam
1365 3352 1501 3426 multae
1520 3377 1588 3425 nec
1608 3365 1682 3424 tam
1700 3351 1945 3423 tumultuosae

354 3484 501 3569 luerint,
524 3485 654 3558 merito
674 3484 828 3557 inlertur
848 3513 866 3556 u
889 3484 1039 3557 caedem
1058 3510 1230 3583 magnam
1254 3514 1272 3556 u
1290 3486 1335 3559 de
1355 3511 1427 3584 qua
1442 3486 1649 3584 Aphraates
1664 3484 1838 3583 loquitur,
1859 3508 1945 3557 ean-

353 3618 435 3691 dem
456 3643 552 3703 esse,
575 3644 683 3716 quarn
702 3620 795 3691 Acta
815 3617 906 3690 falso
926 3642 1022 3691 anno
1042 3619 1088 3690 32
1110 3619 1260 3718 Saporis
1279 3632 1433 3719 ponunt.
1456 3619 1522 3692 His
1541 3617 1755 3717 praemissis
1770 3641 1945 3715 conspec-

351 3763 428 3823 tum
451 3751 708 3851 martyriorum
727 3750 909 3837 addimus,
928 3752 1076 3849 quaein
1096 3752 1311 3826 collectione
1331 3752 1536 3851 antiquiore
1557 3751 1774 3825 exhibentur
1790 3749 1945 3823 exclusis

353 3885 538 3983 martyriis
559 3887 625 3958 SS.
648 3884 746 3957 Milis
766 3897 803 3958 et
823 3883 1034 3971 Barsabiac,
1058 3911 1211 3984 quorum
1231 3911 1349 3960 annus
1368 3886 1533 3984 martyrii
1549 3885 1710 3957 incertus
1729 3896 1795 3956 est.

427 4025 524 4091 Auno
543 4019 566 4088 2
586 4020 843 4112 persecutionis,
865 4024 965 4091 Luna
990 4018 1037 4090 20
1060 3997 1159 4092 Sebot
1179 4050 1191 4089 .·
1212 4020 1428 4118 Martyrium
1454 4019 1614 4092 Sahdost
1635 4017 1765 4098 (mesu)
1787 4015 1944 4114 episcopi

354 4151 541 4224 Seleuciae
561 4164 597 4224 et
613 4151 863 4249 Ctesiphontis
883 4177 967 4224 cum
992 4152 1061 4224 120
1076 4152 1299 4251 martyribus
1313 4157 1338 4225 ¹.
1361 4154 1481 4225 Causa
1500 4150 1692 4250 martyrii:
1711 4148 1944 4223 commoratio

324 4272 333 4288 ⁰
354 4286 453 4383 regis
474 4285 510 4357 in
530 4283 620 4357 urbe
642 4283 843 4369 Seleuciae,
862 4310 935 4382 qua
954 4285 1147 4358 occasione
1163 4312 1238 4371 rex,
1257 4287 1310 4358 uti
1329 4286 1487 4373 videtur,
1511 4283 1814 4357 restaurationem
1834 4281 1944 4355 ecclc·

427 4558 525 4624 Auno
544 4553 568 4622 4
586 4555 843 4646 persecutionis,
861 4557 961 4624 Luuu
984 4553 1000 4623 l
1024 4553 1117 4624 uitri
1135 4556 1214 4646 hrcj
1234 4552 1444 4626 :lohannes
1464 4552 1658 4650 episcopus
1675 4549 1891 4623 Arbelorum
1910 4559 1945 4620 et
2035 4600 2036 4623 .

356 4418 492 4490 siarum
512 4416 754 4516 impediturus
774 4417 898 4516 plures
914 4418 1067 4491 clericos
1087 4432 1123 4491 et
1142 4418 1281 4516 aliquot
1295 4418 1473 4492 moniales
1493 4418 1609 4492 occidi
1626 4417 1746 4491 iussit.

358 4685 512 4758 lacobus
532 4684 708 4758 diaconus
727 4684 840 4758 occisi
859 4684 905 4757 ab
924 4685 1078 4758 Ardasir
1096 4686 1207 4759 fratre
1228 4686 1377 4785 Saporis
1389 4687 1415 4756 ².

429 4821 552 4891 Eodem
571 4844 674 4903 anuo,
693 4824 792 4891 Luna
815 4818 859 4890 10
879 4817 971 4892 Tiiri
991 4822 1071 4912 hroj
1085 4851 1097 4891 .·
1115 4818 1329 4918 Martyrium
1349 4821 1464 4892 Narse
1480 4818 1560 4898 (rau)
1582 4816 1747 4915 episcopi
1766 4814 1865 4889 urbis
1881 4805 1945 4890 Sa-

354 4951 510 5025 harlradt
528 4977 610 5025 cum
630 4952 712 5025 aliis
726 4951 858 5052 viginti
872 4954 898 5023 ³.

429 5091 526 5158 Auno
547 5088 568 5158 5
587 5090 845 5181 persecutionis,
868 5092 967 5159 huuc
987 5089 1008 5159 5
1029 5074 1127 5159 Sabat
1147 5115 1157 5160 .·
1179 5085 1377 5159 Abrahami
1397 5085 1546 5171 occisio,
1567 5083 1794 5157 successoris
1813 5078 1943 5154 lohan-

358 5218 414 5290 uis
435 5218 596 5318 episcopi
616 5218 871 5291 Arbelorum⁴·

420 5431 427 5469 Ι
450 5430 496 5493 St.
514 5431 551 5493 E.
568 5428 748 5507 Assemani,
766 5452 819 5515 op.
836 5434 902 5503 cit,
919 5441 942 5494 t.
961 5431 985 5506 l,
1001 5452 1034 5514 p.
1051 5437 1100 5495 88.
1118 5431 1154 5494 P.
1173 5432 1306 5515 Bedjan,
1323 5453 1376 5514 op.
1393 5436 1460 5511 cit,
1478 5430 1517 5507 ll,
1535 5435 1604 5494 276.

418 5539 430 5577 ²
448 5538 484 5600 P.
502 5538 634 5623 Bedjan,
652 5560 704 5623 op.
722 5542 787 5616 cit,
806 5548 829 5600 t.
847 5537 901 5613 lV,
919 5559 951 5621 p.
971 5543 1038 5600 128.

418 5648 430 5685 ³
446 5646 494 5709 St.
511 5644 548 5707 E.
565 5643 744 5721 Asscmani,
760 5667 812 5729 op.
829 5647 895 5723 cit,
912 5654 936 5707 t.
954 5645 978 5719 l,
996 5666 1028 5728 p.
1045 5652 1094 5709 97.
1113 5646 1148 5708 Ρ.
1166 5645 1298 5729 Bedjan,
1313 5667 1366 5729 op.
1381 5651 1447 5727 cit,
1464 5655 1487 5708 t.
1509 5645 1548 5721 ll,
1562 5664 1595 5727 p.
1612 5647 1681 5707 284.

418 5754 429 5790 ⁴
447 5753 480 5815 P.
498 5753 630 5837 Bedjan,
647 5775 700 5837 op.
720 5757 786 5828 cit,
803 5761 826 5815 t.
846 5750 900 5826 lV,
914 5774 947 5836 p.
964 5758 1031 5815 130.
