4122 6472
322 438 398 496 1365
679 430 1025 497 APOTELESMATA
1046 433 1278 498 APOLLONll
1301 434 1553 501 Tl'ANENSlS.

314 597 485 688 plurimos
516 620 575 666 aec
605 597 769 690 ipnolriles
795 597 1013 690 philosophos
1046 599 1183 691 tropica
1212 599 1387 692 Apollonii
1421 613 1495 672 arte
1527 613 1640 695 raptos
1673 604 1782 693 fnisse
1815 616 1847 674 et
1876 605 1923 673 orl

320 744 397 791 enm
414 722 516 814 qnasi
530 722 575 791 ad
591 709 834 793 incantatorem
853 722 1047 793 ventitasse.

394 845 436 916 ln
461 847 532 916 fine
562 842 714 918 secundi
744 844 895 931 saeculi,
924 843 1110 919 Lucienus
1139 847 1412 921 samosatensis
1444 845 1552 922 nobis
1584 860 1709 922 narrat
1739 873 1922 947 quaenam

319 967 456 1041 fuerint
482 981 581 1042 artes
607 966 780 1065 discipuli
803 967 994 1041 cuiusdam
1017 968 1205 1070 Apollonii
1232 972 1453 1070 Tyanensis,
1478 997 1521 1045 ac
1544 971 1698 1071 proinde
1725 972 1921 1073 ipsiusmet

321 1091 490 1193 magistri
516 1121 523 1163 :
547 1095 624 1165 Hae
644 1104 731 1166 sunt
754 1118 884 1192 nempe
908 1092 1032 1193 magia
1060 1106 1098 1168 et
1123 1093 1407 1169 incantationes.
1435 1097 1491 1169 En
1516 1096 1670 1169 Luciani
1692 1096 1837 1171 verba:
1865 1102 1922 1170 Ἐν

320 1214 355 1290 δὲ
381 1227 450 1301 τοῖς
473 1227 580 1301 ἄλλοις
603 1216 760 1314 λαμόάνει
788 1246 836 1301 τις
867 1227 958 1291 αὐτόν
986 1224 1115 1316 ἐραστὴς
1144 1228 1230 1319 γόης,
1263 1232 1325 1292 τῶν
1357 1223 1486 1320 μαγείας
1519 1224 1570 1293 καὶ
1596 1218 1719 1313 ἐπῳδὰς
1747 1227 1921 1306 θεσπεσίως

318 1352 562 1440 ὑπισχνουμένων
585 1346 637 1415 καὶ
657 1345 788 1441 χοίριτας
814 1351 860 1415 inl
888 1361 951 1426 τοῖς
973 1349 1133 1441 ἐρωτικοῖς
1155 1347 1209 1416 καὶ
1236 1347 1401 1444 έπαγωγδς
1426 1356 1494 1430 τοῖς
1519 1353 1654 1445 ἐχθροῖς,
1681 1357 1736 1418 καί
1760 1352 1920 1446 θησαυρῶν

318 1469 515 1565 ἀναπομπὰς,
541 1471 594 1539 καὶ
622 1473 743 1566 κλη’ρων
770 1464 976 1565 διαδοχάς...
1000 1468 1038 1546 ἦν
1062 1465 1097 1540 δὲ
1125 1471 1141 1540 ό
1168 1466 1360 1552 διδάσκαλος
1388 1476 1500 1554 ἐκεῖνος
1529 1474 1581 1542 καί
1608 1477 1739 1569 ἐραστὴς
1771 1478 1810 1542 τὸ
1836 1482 1922 1571 γένος

315 1597 464 1682 Τυανεὺς,
492 1608 554 1664 τῶν
586 1595 788 1683 Ἀπολλωνίῳ
815 1606 861 1682 τῷ
893 1596 1003 1664 Tuan
1032 1602 1270 1691 συγγενομένων,
1304 1598 1358 1665 καὶ
1388 1598 1446 1676 τὴν
1476 1605 1578 1666 πᾶσαν
1608 1602 1704 1667 αὐτοῦ
1740 1592 1921 1694 τραγῳδίαν

320 1714 454 1790 εἰδότων.
485 1723 579 1790 inter
606 1720 694 1789 alios
717 1730 842 1802 antem,
869 1720 994 1812 accipit
1018 1720 1129 1812 ipsam
1152 1719 1424 1815 (Alenandrnm)
1447 1745 1571 1792 amans
1601 1723 1741 1815 quidam
1765 1725 1921 1816 praesti-

318 1845 445 1936 giator,
467 1867 513 1915 eoo
538 1845 583 1914 iis
606 1845 667 1936 qai
689 1846 825 1936 mapias
849 1855 881 1913 et
903 1845 1013 1913 miras
1042 1845 1293 1914 incantationes
1312 1847 1531 1940 profitentur,
1556 1857 1625 1916 tam
1651 1859 1742 1916 artes
1768 1848 1815 1918 ad
1839 1870 1920 1916 coa-

318 1969 508 2039 cilianrlam
534 1969 571 2037 in
594 1969 768 2039 amoribus
790 1968 981 2061 pratiam‘,
1000 1968 1046 2038 all
1069 1968 1287 2040 immittenda
1312 1969 1351 2039 in
1377 1970 1536 2041 inimicos
1561 1971 1666 2054 mala,
1690 1971 1736 2041 ad
1757 1971 1922 2041 arcados

318 2095 503 2175 thesauros,
534 2092 580 2162 acl
615 2092 816 2163 hereditates
843 2092 1079 2184 suscipiendas
1087 2145 1160 2161 .....
1192 2095 1297 2163 Porro
1325 2093 1439 2164 rloctm
1469 2094 1529 2165 illc
1552 2105 1584 2164 et
1611 2106 1755 2178 amator,
1781 2095 1923 2164 natione

270 2224 274 2231 '
318 2222 474 2310 Tyaneus
498 2227 582 2300 erat,
605 2240 651 2286 en
675 2217 720 2285 iis
744 2217 807 2309 qai
831 2239 908 2287 carn
931 2216 1114 2309 Apollonio
1142 2218 1318 2310 Tpancrtsi
1341 2220 1474 2288 versati
1495 2230 1606 2302 erant,
1631 2229 1801 2312 totamque
1823 2219 1924 2289 illius

318 2341 528 2434 trapoediam
553 2349 794 2432 pernoverant.
819 2337 875 2412 Cl.
904 2337 1055 2411 Luciaui
1082 2362 1214 2437 opera;
1242 2341 1443 2412 Alcoeamler
1470 2365 1529 2413 sea
1550 2343 1822 2435 psetldomaatis.
1851 2341 1920 2413 ud.

319 2461 502 2549 Teubner,
524 2461 690 2561 Leipzig,
712 2463 817 2547 1887,
839 2487 876 2560 p.
899 2463 1077 2537 tlt-118.

397 2584 510 2660 Paulo
529 2599 615 2686 post
637 2585 878 2659 Philostrates
902 2585 1012 2659 aliam
1034 2586 1240 2685 composuit
1261 2586 1454 2661 historiam
1473 2587 1521 2661 ad
1540 2588 1717 2661 maiorem
1735 2587 1923 2686 Apollonii

322 2710 492 2811 gloriam.
513 2709 638 2783 Noluit
656 2710 759 2782 illum
778 2710 893 2784 fuisse
913 2734 1062 2810 magum
1082 2711 1149 2785 sed
1167 2723 1325 2784 testatur
1339 2724 1462 2785 tamen
1482 2710 1585 2784 illum
1606 2737 1628 2784 a
1646 2711 1773 2785 multis
1790 2712 1924 2785 artium

324 2834 550 2935 magicarum
571 2834 777 2908 insimulari
808 2848 845 2908 et
864 2833 1117 2933 composuisse
1140 2848 1300 2933 quatuor
1316 2834 1433 2909 libros
1451 2838 1520 2933 περὶ
1541 2847 1685 2932 μαντείας
1708 2841 1860 2933 ἀστέρων,
1879 2841 1925 2907 lte

325 2962 460 3032 oraculo
474 2972 645 3032 astrorum
661 2965 731 3054 (111,
754 2961 848 3053 l3)².

401 3083 583 3158 Eusebius
603 3096 733 3182 postea
751 3082 885 3157 librum
904 3083 1110 3182 composuit
1129 3095 1258 3156 contra
1279 3082 1487 3158 Hieroclem
1506 3084 1583 3182 qui,
1601 3110 1646 3157 ex
1666 3083 1821 3157 historia
1838 3083 1923 3156 Phi-

325 3207 485 3294 lostrati,
514 3207 741 3281 assimilabat
768 3206 1005 3305 Apollonium
1028 3208 1184 3281 Domino
1211 3220 1338 3282 nostro
1371 3210 1455 3281 lesu
1482 3207 1643 3282 Christo.
1667 3211 1708 3280 ln
1731 3208 1805 3281 isto
1831 3208 1921 3281 libro

327 3331 516 3405 insimulat
540 3357 685 3430 quoque
706 3330 944 3429 Apollonium
963 3330 1129 3431 magicae
1151 3332 1241 3406 anis
1266 3361 1273 3404 :

401 3455 564 3554 Θαυμέιζει
577 3459 629 3528 οὖν
647 3460 700 3527 καὶ
718 3454 923 3552 ἀποδέχεται,
946 3461 1012 3549 θείᾳ
1034 3458 1096 3528 τινὶ
1113 3466 1169 3530 καὶ
1186 3462 1311 3555 σίρρητῳ
1327 3470 1431 3555 σοφίᾳ,
1449 3465 1517 3555 οὐχὶ
1539 3454 1573 3527 δὲ
1593 3460 1739 3554 γοητείας
1758 3460 1922 3555 σσφίσμασυ
2033 3456 2034 3475 ³

328 3584 665 3678 τεθαυματουργηκέναι
684 3592 808 3677 φέσκων
826 3583 950 3653 αὐτόν’.
969 3583 1173 3655 Admiratus·
1190 3607 1269 3675 erpo
1289 3585 1344 3653 tic
1361 3582 1557 3678 (Hierocles)
1576 3594 1608 3652 et
1626 3585 1801 3678 confitetur
1821 3584 1923 3676 Apol-

330 3707 458 3777 lonium
487 3711 660 3800 Tyanenm
688 3730 755 3777 non
780 3708 950 3800 veneficiis
978 3707 1112 3799 quidem
1136 3707 1231 3791 ullis,
1259 3709 1445 3801 mapicisoe
1463 3708 1681 3801 praestigiis,
1712 3707 1770 3777 sed
1792 3731 1926 3778 arcana

328 3831 474 3924 petalam
491 3831 663 3922 sapientia
681 3831 880 3901 divinatam
899 3854 1013 3900 rerum
1029 3831 1241 3902 mirabilium
1259 3854 1395 3923 operum
1415 3834 1612 3923 effectorem.

402 3954 522 4024 Alaina
539 3965 602 4024 τῶν
627 3966 678 4023 νῦν
705 3958 792 4043 εἰσιν,
817 3954 846 4024 σί
870 3963 1041 4051 περιέργους
1065 3953 1206 4051 μηχανὰς
1231 3966 1272 4042 τῇ
1301 3969 1358 4025 τοῦ
1383 3951 1494 4051 ἄνδρες
1521 3958 1724 4050 ἀνακειμένας
1741 3964 1927 4052 προσηγορίᾳ

393 4154 420 4209 1.
443 4146 609 4230 Frequens
629 4146 812 4210 huiusmodi
840 4145 1048 4230 apotelesma,
1070 4145 1211 4230 exempli
1234 4147 1339 4231 gratia
1366 4168 1375 4209 z
1402 4145 1516 4210 Codex
1538 4146 1620 4208 Par.
1644 4151 1735 4223 2419,
1759 4145 1814 4209 fol.
1841 4150 1922 4209 144:

329 4256 391 4335 περὶ
402 4254 514 4336 ίρωτος;
530 4253 626 4316 lbt'd:
640 4254 685 4314 tls
700 4252 790 4334 βοόλεε
806 4259 918 4326 ποιῆσαι
935 4252 979 4315 ἵνα
998 4252 1102 4333 μισήσῃ
1116 4278 1156 4322 τις
1171 4255 1220 4327 τὴν
1241 4257 1354 4333 γυναῖκα
1373 4255 1457 4314 αὐτοῦ
1471 4262 1504 4316 et
1520 4252 1600 4316 Cod.
1619 4254 1729 4337 suppl.
1746 4257 1786 4316 20
1799 4252 1855 4316 iol.
1873 4258 1926 4316 178

332 4361 529 4444 (excerptum
547 4379 565 4422 e
582 4361 671 4442 2419)
688 4359 751 4442 περὶ
765 4359 861 4440 ipsso<
882 4361 1126 4435 θποειλισμαεικδν
1148 4362 1267 4439 δόκιμον·
1282 4360 1388 4443 [tt-pov
1408 4361 1446 4429 εἰς
1463 4360 1582 4423 λίθον....
1598 4361 1648 4432 τὴν
1662 4359 1816 4442 Ἀφροδίτην
1834 4362 1923 4439 δρθὴν,

329 4466 445 4547 γυμνὴν,
465 4467 669 4546 δναδιδιριίνους
689 4466 804 4549 ίχουσαν
826 4466 885 4535 τοὺς
906 4470 1120 4548 πλοκίμσις,εῇ
1142 4466 1192 4546 μέν
1214 4468 1343 4549 ἀριστερᾷ
1365 4466 1437 4549 χειρὶ
1458 4466 1533 4538 solor
1557 4465 1730 4545 έντιταμίνον
1752 4464 1925 4548 ίχουσαν,εῇ

330 4574 358 4633 δέ
374 4573 446 4657 δεξιᾷ
465 4575 552 4654 βόλος,
565 4573 684 4647 ποιήσεις
704 4574 733 4635 δέ
756 4579 835 4634 τοῦτο
854 4577 881 4636 έν
899 4573 988 4656 ἠμίριρ
1010 4577 1058 4647 τῆς
1079 4572 1256 4655 Ἀφροδίτης,
1278 4573 1325 4633 καὶ
1346 4579 1380 4655 τῇ
1402 4573 1459 4655 ὥρρ
1481 4577 1572 4652 αὐτῆς,
1594 4573 1642 4633 καὶ
1663 4571 1772 4654 γυρόθεν
1792 4574 1876 4644 nisit<
1895 4572 1926 4634 sl

329 4679 449 4758 θνόμστα
461 4684 547 4739 ταῦτα
562 4682 689 4741 ΝΕΜΙῙΙ
710 4681 791 4741 ΜΝΕ
810 4682 933 4743 ΜΙΙΕΧ.
953 4679 1087 4743 Ὀπισθιν
1108 4679 1137 4740 il
1159 4680 1297 4762 γράφω...
1317 4680 1364 4740 καὶ
1385 4681 1428 4749 il<
1450 4681 1554 4759 γυναικὶ
1576 4680 1622 4740 καὶ
1644 4679 1760 4761 πέμψον,
1778 4678 1825 4738 καὶ
1848 4679 1928 4747 οὕτως

331 4788 384 4848 ὑπὸ
396 4792 442 4847 τοῦ
454 4793 501 4847 σοῦ
519 4789 670 4848 διαλυθεῖσα
689 4784 785 4868 ipsso<
800 4785 870 4864 ἥξει,
882 4788 906 4848 sl
925 4788 1004 4866 μόνον
1023 4789 1051 4847 έν
1069 4794 1128 4855 ταῖς
1147 4792 1239 4870 χερσὶν
1260 4789 1413 4868 λήψεται...
1430 4785 1480 4848 De
1491 4805 1616 4864 amore,
1633 4785 1838 4869 apotelesma
1848 4806 1925 4868 pro-

333 4893 455 4954 batum.
478 4894 600 4976 Sculpe
614 4896 650 4955 in
664 4906 765 4976 petra
783 4892 847 4973 (tte
866 4914 928 4956 ror
945 4892 1104 4955 hebraica
1123 4912 1210 4977 quae
1229 4892 1357 4957 ridetur
1378 4911 1448 4954 esse
1465 4890 1600 4975 Saplir)
1616 4893 1763 4975 figuram
1782 4890 1924 4970 Veneris,

332 4999 484 5079 stanteai,
500 4998 637 5074 nudam,
654 5000 779 5062 solutos
799 4999 970 5061 labentem
991 4998 1143 5083 capillos,
1159 5001 1297 5061 sinistra
1318 5019 1420 5061 manu
1441 5019 1558 5061 arcum
1581 5010 1751 5061 extensum
1766 5009 1924 5059 tenentem

333 5120 365 5169 ct
379 5106 517 5170 dextera
531 5108 698 5191 sagittam.
716 5105 831 5169 Facies
845 5106 939 5168 illam
958 5109 993 5167 in
1011 5106 1064 5168 dic
1084 5109 1211 5170 cencris
1224 5118 1258 5169 et
1270 5108 1305 5168 ιἰι
1320 5105 1404 5168 liora
1426 5105 1528 5183 illins,
1543 5116 1575 5167 et
1591 5107 1681 5167 circa
1694 5104 1788 5167 ἰέίσηι
1805 5103 1925 5167 scribes

333 5214 394 5276 illa
416 5217 550 5276 nomina
573 5216 700 5278 nsunt
721 5215 804 5276 MNE
825 5214 952 5288 ttnEx3
968 5225 1057 5274 retro
1077 5225 1187 5275 autem
1208 5213 1314 5275 scribe
1317 5258 1378 5274 .....
1398 5210 1442 5273 da
1464 5209 1583 5274 deinde
1606 5223 1637 5273 et
1655 5210 1782 5274 manda
1797 5211 1927 5274 mulieri

335 5333 366 5383 et
379 5324 426 5382 ita
439 5323 544 5384 reniet
554 5321 614 5383 snb
627 5333 682 5383 tao
694 5338 810 5382 amore
820 5317 993 5396 dissoluta,
1010 5318 1187 5381 dummodo
1200 5319 1303 5400 (illam
1318 5321 1475 5399 statuam)
1489 5320 1523 5379 in
1538 5317 1693 5379 manibus
1700 5316 1924 5400 prehenderit.

395 5434 425 5490 2.
440 5427 499 5490 Ed.
518 5427 626 5503 Didot,
647 5426 734 5489 Bibl.
747 5446 884 5509 graeca,
903 5423 1047 5500 Parisiis,
1071 5429 1162 5501 1849,
1180 5447 1229 5501 ιιι,
1249 5429 1285 5487 11
1320 5446 1353 5509 p.
1370 5430 1420 5488 66.
1439 5424 1530 5487 Ηυυο
1549 5432 1671 5487 textum
1690 5421 1816 5486 edimus
1837 5423 1925 5496 inira,

337 5535 398 5600 col.
417 5541 505 5599 1369.

396 5647 426 5703 3.
442 5642 481 5707 Ρ.
501 5642 540 5705 (ι’.
557 5649 581 5703 1.
597 5639 698 5715 XXll,
716 5639 777 5703 col.
795 5645 863 5703 797.
