4108 6458
353 533 414 593 604
878 512 1123 581 PRAEFATIO
1144 553 1183 563 -
1204 513 1346 580 CAPUT
1370 517 1426 580 111.

428 719 545 810 prra
563 712 703 784 Hormi:
726 720 835 781 mater·
864 706 1008 801 Saporis
1032 708 1122 800 repis
1148 708 1243 778 misit
1270 711 1477 800 sortpuinem
1505 710 1551 779 ad
1574 710 1738 780 Rubbum.
1760 715 1833 783 Rab
1861 715 1959 784 sede-

359 855 414 922 bat
442 849 574 941 nepotio
601 869 662 916 suo
693 865 862 915 eorumne
889 842 929 912 dc
955 865 1045 912 more
1072 864 1146 911 suo.
1172 841 1272 912 Dicit
1300 842 1349 911 eis
1372 867 1382 912 .·
1404 842 1557 933 Sanguis
1580 843 1635 912 lric
1661 844 1865 916 deliciarum
1897 860 1956 918 est.

357 986 457 1057 Diooit
475 981 568 1078 (illa)
581 982 654 1074 filio
672 976 761 1075 (suo)
783 976 865 1046 Veni
879 987 911 1046 et
923 975 997 1045 aide
1015 998 1118 1067 quam
1133 974 1249 1045 dilecti
1262 978 1332 1045 sint
1346 976 1481 1045 ludaei.
1503 976 1602 1046 Diocit
1618 976 1651 1045 ci
1668 980 1852 1050 :Forsitan
1872 983 1960 1052 siccet

360 1141 476 1189 caecus
495 1119 532 1186 in
551 1121 711 1207 fenestra.
735 1114 862 1181 lterum
883 1110 976 1180 misit
990 1108 1023 1177 ci
1040 1108 1227 1200 senapinta
1246 1109 1372 1200 species
1391 1109 1576 1199 sanguinis
1595 1120 1627 1179 et
1645 1134 1758 1181 omnes
1777 1136 1960 1184 enumero-

361 1263 454 1323 runt.
478 1250 629 1341 Sanpais
650 1245 792 1315 ultimus
813 1254 887 1313 erat
897 1241 1145 1333 pediculorum,
1166 1242 1253 1334 quaed
1274 1242 1335 1312 ille
1355 1242 1510 1311 nesciuit.
1531 1246 1595 1313 Res
1615 1246 1780 1317 conuenit.
1805 1249 1849 1316 Et
1868 1248 1961 1317 arisit

362 1389 411 1457 eis
426 1385 594 1477 pectinem
618 1380 819 1450 occidentem
836 1376 1022 1468 pediculos.
1045 1377 1147 1445 nteit
1168 1401 1178 1445 .·
1200 1375 1321 1444 ludaei
1340 1375 1377 1444 in
1398 1375 1564 1445 cubiculis
1586 1377 1696 1447 cordis
1715 1379 1910 1449 habitant¹.

437 1513 524 1588 Loci
544 1511 605 1584 isti
622 1523 679 1583 sat
698 1521 821 1607 aperte
837 1505 1035 1579 ostendunt
1055 1518 1208 1578 matrem
1226 1505 1375 1604 Saporis
1396 1505 1487 1579 miro
1504 1507 1662 1604 quodam
1677 1508 1809 1582 affectu
1830 1510 1961 1583 adhae·
2031 1516 2032 1519 ’

368 1649 463 1722 sisse
487 1644 646 1719 Iudaeis.
666 1642 785 1715 Etiam
809 1641 902 1713 Acta
926 1642 1128 1737 Martyrum
1157 1650 1324 1712 statuunt
1354 1637 1535 1737 Reginam
1562 1640 1700 1712 sociam
1726 1642 1962 1716 consiliorum

368 1781 585 1855 ludaeorum
605 1776 807 1872 fuisseque
828 1771 1011 1845 mediante
1034 1770 1155 1869 ipsum
1176 1774 1320 1870 Regem
1343 1783 1472 1844 contra
1492 1771 1722 1846 Christianos
1744 1775 1960 1849 excitarunt.
2031 1862 2032 1869 ἵ

371 1919 472 1987 Hanc
491 1911 638 2011 quidem
654 1908 829 1981 Actorum
845 1904 1087 1978 assertionem
1104 1907 1147 1977 R.
1167 1904 1283 1976 Duval
1302 1903 1522 2002 simpliciter
1538 1905 1655 1979 reiicit
1667 1908 1694 1992 ²,
1718 1907 1853 2007 aliique
1869 1908 1963 1982 docti

370 2046 525 2121 ludaeos
541 2041 586 2116 ab
606 2039 839 2114 accusatione
857 2037 929 2110 ista
947 2036 1135 2110 absolvere
1150 2037 1328 2120 nituntur,
1352 2038 1405 2110 sic
1431 2063 1464 2109 e.
1482 2063 1540 2137 gr.
1564 2042 1602 2110 S.
1622 2041 1727 2112 Funh
1741 2044 1768 2126 ³,
1786 2041 1850 2140 qui
1871 2042 1963 2114 rela-

370 2182 507 2255 tionem
527 2176 745 2250 ludaeorum
761 2185 798 2245 et
816 2171 1106 2246 Christianorum
1126 2171 1273 2244 saeculo
1290 2173 1339 2245 111
1356 2183 1512 2244 exeunte
1534 2185 1591 2245 sat
1606 2173 1834 2249 amicabilem
1854 2175 1963 2249 luisse
2032 2198 2033 2207 ¹

373 2313 543 2412 opinatur
554 2333 731 2383 revocans
746 2305 1013 2404 disputationes
1028 2304 1224 2404 religiosas
1240 2305 1276 2376 in
1291 2328 1383 2406 pum
1406 2307 1466 2375 ¹2⁴
1485 2303 1612 2379 haberi
1628 2306 1756 2381 solitas
1770 2308 1963 2382 atmodum
2032 2324 2033 2329 ’

374 2471 446 2545 quo
474 2445 511 2517 in
529 2452 593 2517 2“n
609 2442 654 2515 de
674 2438 869 2513 haereticis
890 2445 1006 2527 (ursin)
1028 2436 1164 2535 agitur,
1183 2436 1245 2535 qui
1265 2438 1376 2537 longe
1394 2436 1499 2512 abest
1518 2438 1564 2512 ab
1587 2440 1710 2512 animo
1727 2441 1874 2514 inimico
1889 2441 1961 2526 illo,

373 2604 481 2679 quem
501 2586 556 2649 u‘n
578 2576 705 2674 spirat.
729 2575 835 2657 Esto,
859 2570 1006 2683 saeculo
1024 2584 1148 2642 tamen
1168 2570 1288 2643 medio
1315 2573 1366 2645 lV
1385 2597 1445 2646 res
1469 2573 1508 2645 in
1527 2574 1633 2673 peius
1652 2586 1875 2647 commutata
1895 2586 1961 2646 est.
2032 2628 2033 2633 ,

376 2717 469 2786 Acta
484 2710 580 2783 enim
592 2719 776 2781 testantur
796 2704 951 2778 ludaeos
963 2703 1000 2775 in
1019 2727 1131 2775 causa
1144 2707 1182 2774 S.
1202 2703 1384 2777 Simeonis
1399 2706 1711 2805 sycophantarum
1730 2705 1964 2779 vicefunctus

377 2870 459 2919 esse
471 2848 498 2931 ⁵,
514 2856 550 2916 et
560 2841 695 2927 omnia,
708 2863 801 2938 quae
817 2838 862 2910 de
876 2835 1019 2935 Regina
1034 2835 1180 2909 ludaeis
1195 2836 1417 2910 amicissima
1430 2839 1605 2925 referunt,
1622 2839 1676 2911 uti
1692 2865 1802 2937 supra
1819 2838 1964 2912 demon·

379 2989 534 3051 stratum
556 2989 626 3059 est,
649 2999 731 3046 cum
755 2971 933 3045 Talmude
958 2983 1127 3042 accurate
1154 2970 1390 3044 conveniunt.
1415 2974 1564 3045 Certum
1591 2983 1713 3045 autem
1736 2985 1794 3045 est
1816 2972 1964 3044 ludaeos

381 3137 455 3185 non
470 3110 583 3183 luisse
604 3130 752 3181 causam
767 3129 834 3178 nec
853 3104 998 3176 unicam
1014 3127 1080 3176 nec
1100 3102 1339 3201 principalem
1358 3104 1641 3203 persecutionis,
1660 3104 1725 3178 sed
1741 3108 1870 3206 Magos
1889 3128 1966 3177 om-

380 3246 606 3344 bipatentes,
634 3239 800 3338 quitum
831 3236 878 3310 ob
909 3235 1099 3335 religionis
1133 3235 1306 3334 antiquae
1335 3237 1473 3323 zelum,
1500 3251 1579 3311 tum
1608 3237 1655 3310 ob
1682 3237 1845 3313 rationes
1873 3261 1966 3309 mere
2033 3306 2034 3349 ἦ

380 3374 590 3451 materiales
618 3375 757 3471 Regem
783 3382 909 3444 contra
933 3368 1164 3442 Christianos
1194 3369 1375 3442 excitasse
1401 3371 1524 3443 omnia
1552 3369 1627 3444 fere
1654 3372 1747 3443 Acta
1777 3381 1964 3443 testantur.

381 3515 495 3585 lmmo
518 3505 702 3580 hincinde
727 3503 977 3577 enarrationes
999 3501 1257 3601 Martyriorum
1275 3517 1399 3600 aperte
1420 3504 1607 3576 insinuant
1623 3507 1755 3603 Magos
1775 3504 1872 3577 haud
1890 3527 1967 3574 raro

382 3648 521 3743 Regem
536 3640 705 3739 coegisse
720 3638 765 3709 ad
781 3636 942 3711 facinora
958 3635 1020 3708 illa
1035 3635 1195 3707 crudelia
1211 3636 1315 3709 iussu
1328 3636 1493 3710 eiusdem
1510 3648 1733 3736 perpetrata.
1747 3637 1853 3732 Quod
1869 3634 1967 3708 facile

383 3776 614 3874 intelligitur,
634 3772 664 3845 si
691 3795 817 3843 eorum
832 3768 996 3868 potentia
1016 3769 1054 3840 in
1077 3768 1161 3841 aula
1181 3769 1295 3868 Regis
1318 3768 1567 3869 perpendatur
1587 3783 1623 3843 et
1646 3769 1823 3867 pericula,
1846 3766 1968 3868 quibus

386 3914 502 4007 Sapor
526 3917 641 3980 semet
662 3902 895 4001 exposuisset
917 3901 949 3973 si
971 3900 1151 3974 voluntati
1175 3927 1300 3975 eorum
1322 3902 1532 3976 restitisset.
1560 3903 1668 3996 Quod
1693 3902 1911 3975 sufficienter
1931 3898 1970 3970 il·
2033 3948 2034 3959 1

384 4045 562 4117 lustratur
587 4036 805 4137 cognomine
829 4038 1015 4130 peccatoris
1041 4033 1253 4133 Iezdegerdi
1281 4037 1312 4107 11
1343 4035 1516 4134 imposito
1544 4035 1591 4108 ob
1615 4035 1777 4108 savorem
1804 4031 1969 4132 imprimis

387 4201 459 4275 quo
480 4201 518 4246 se
539 4198 628 4271 erga
644 4169 873 4242 Christianos
887 4168 1054 4268 gerebat.

461 4306 568 4382 Initio
602 4304 706 4403 regni
741 4301 891 4400 Saporis
924 4299 1122 4374 Christiani
1159 4301 1363 4401 generatim
1398 4300 1669 4386 tolerabantur3
1687 4301 1965 4399 persecutiones,

389 4466 480 4542 quas
495 4442 588 4511 Acta
603 4449 687 4510 ante
703 4460 837 4509 annum
853 4434 1113 4507 attexuimus
1129 4459 1210 4507 esse
1227 4434 1403 4520 referunt,
1421 4434 1557 4508 locales
1570 4434 1684 4507 luisse
1698 4434 1867 4507 videntur
1881 4443 1912 4503 et
1926 4428 1968 4500 ad

390 4574 600 4673 regulorum
611 4569 733 4670 potius
745 4572 1009 4667 Magorumque
1025 4568 1061 4639 in
1077 4567 1275 4664 provinciis
1291 4567 1397 4666 regni
1412 4567 1669 4640 remotioribus
1686 4563 1968 4640 malevolentiam

390 4720 427 4782 et
445 4706 709 4787 crudelitatem,
731 4727 840 4802 quam
860 4700 1041 4799 adipsum
1056 4724 1182 4800 regem
1200 4699 1411 4773 referendae
1433 4713 1535 4787 sunt,
1554 4700 1650 4773 viam
1665 4713 1788 4773 tamen
1806 4695 1970 4800 parabant

453 5036 461 5073 ⁴
481 5032 737 5097 Commentarius
750 5046 868 5099 mentm
883 5037 975 5113 putat
987 5028 1040 5112 agi
1054 5026 1092 5089 de
1106 5050 1166 5090 usu
1184 5027 1409 5111 superstitioso
1424 5028 1605 5111 sanguinis,
1621 5035 1713 5110 putat
1728 5027 1813 5089 enim
1827 5024 1969 5109 Reginam

393 5158 478 5209 ntra·
494 5157 583 5211 tunm
598 5160 699 5223 opera
717 5139 913 5200 daemonum
936 5134 1073 5197 novisse.

453 5250 465 5287 ²
482 5249 520 5310 R.
538 5246 651 5321 Duval,
670 5245 719 5308 La
737 5244 922 5306 litterature
936 5244 1103 5323 syriaque,
1121 5241 1223 5316 Paris,
1243 5245 1330 5315 1899,
1347 5262 1379 5324 p.
1404 5245 1472 5303 134.

454 5358 466 5395 ³
483 5356 517 5417 S.
534 5354 635 5429 Funk,
652 5352 713 5414 Die
727 5349 981 5434 Haggudieclten
995 5348 1163 5411 Elementa
1176 5351 1210 5410 ln
1226 5346 1287 5409 den
1303 5348 1468 5410 Homilien
1487 5346 1543 5409 des
1557 5345 1750 5432 Apbrautes
1767 5346 1811 5411 W
1814 5346 1873 5420 ian,
1891 5344 1967 5409 1891,

393 5485 426 5548 p.
445 5471 478 5525 11
497 5484 545 5544 sq.

455 5570 531 5632 *De
546 5589 609 5652 quo
623 5566 694 5628 vide
712 5587 719 5628 ε
734 5563 906 5637 Delitzsch,
930 5561 1106 5625 Ebiom'ten
1126 5560 1196 5622 rond
1213 5560 1389 5625 Nazarder
1405 5565 1448 5624 im
1474 5561 1616 5624 Talmud
1636 5560 1804 5641 (Zeitschr.
1821 5559 1842 5621 1.
1858 5558 1887 5620 d.
1909 5570 1967 5638 ges·

392 5678 587 5740 lutherische
602 5672 728 5748 Thcol.,
748 5678 834 5747 1856,
853 5670 926 5733 Heft
945 5671 982 5749 1).
1001 5668 1102 5743 Funk,
1121 5690 1173 5751 op.
1191 5672 1258 5745 cit,
1275 5669 1307 5732 in
1322 5666 1520 5754 Appendice,
1537 5668 1618 5731 Note
1633 5668 1671 5730 B.

452 5785 554 5866 11118,
567 5805 587 5845 n
605 5788 652 5855 123
671 5779 754 5842 idem
769 5778 888 5863 legitur
901 5776 933 5838 in
949 5774 1038 5839 hatis
1052 5775 1193 5840 Tharbu.
1212 5776 1260 5838 St.
1277 5776 1315 5839 E.
1331 5773 1514 5851 Assemani,
1532 5798 1584 5859 op.
1600 5778 1667 5851 eit,
1684 5784 1707 5837 t.
1725 5774 1750 5849 l,
1768 5794 1800 5857 p.
1819 5776 1866 5835 54.
