4122 6472
332 482 409 540 1314
892 477 1220 543 TESTAMENTUM
1242 476 1369 542 ADAE.

329 664 434 713 snam
462 665 700 739 cognoscere,
723 640 769 713 ad
795 639 908 738 pedes
929 639 1064 713 montis
1091 641 1186 714 sacri
1210 640 1414 714 descendit.
1445 643 1520 714 Eva
1543 666 1652 740 porro
1677 656 1786 742 partu
1815 643 1934 741 primo

330 772 460 872 gennit
480 774 572 846 Cain
591 784 628 847 et
646 772 833 848 hebodam
854 774 963 870 (nm),
983 785 1090 872 partu
1115 787 1237 847 autem
1261 775 1423 848 secundo
1442 773 1536 848 Abel
1556 788 1593 848 et
1612 775 1807 850 Kalimam.
1828 778 1934 848 Tune

331 905 449 978 Adam
468 906 642 994 decrevit,
666 919 706 981 nt
725 906 818 979 Abel
839 906 1024 981 Lebodam
1045 919 1082 980 et
1102 906 1194 980 Cain
1214 907 1397 981 Kalimam
1417 920 1596 994 sumeret3
1617 908 1676 982 eui
1696 921 1820 982 tamen
1841 908 1935 982 Cain

331 1039 538 1112 consentire
565 1039 695 1125 noluit,
716 1065 798 1113 eum
825 1065 929 1113 soror
953 1039 1033 1112 eius
1058 1039 1229 1140 gemella,
1258 1038 1418 1126 Leboda,
1440 1041 1627 1140 pulchrior
1648 1040 1793 1115 Kalima
1817 1056 1932 1115 esset.
2042 1050 2044 1057 ’

332 1171 604 1245 Matrimonium
618 1172 766 1246 inituris
782 1172 966 1246 mandavit
979 1172 1113 1259 Adam,
1126 1185 1167 1246 ut
1187 1187 1383 1272 antequam
1398 1198 1532 1247 uxores
1546 1200 1632 1247 suas
1648 1187 1932 1275 cognoscerent,

331 1305 369 1376 in
398 1318 520 1378 monte
544 1319 672 1379 sancto
698 1305 877 1379 sacrificia
900 1306 1085 1381 offerrent.
1108 1310 1211 1380 Tunc
1236 1309 1393 1380 Satanas
1416 1308 1608 1407 ingressus
1629 1308 1666 1380 in
1689 1309 1791 1395 Cain,
1817 1307 1937 1381 saeri-

331 1438 414 1511 fieio
441 1437 520 1512 eius
549 1439 740 1538 repudiato
770 1464 853 1512 enm
881 1438 928 1512 ad
956 1464 1082 1513 necem
1109 1438 1233 1513 sratris
1259 1440 1316 1512 sui
1346 1440 1532 1527 excitavit,
1559 1453 1596 1514 et
1624 1465 1706 1513 cum
1736 1441 1773 1513 in
1800 1441 1937 1513 vallem

331 1571 622 1659 descendissent,
644 1572 734 1646 Cain
754 1596 913 1671 surgens
935 1584 1063 1645 eontra
1082 1572 1231 1645 fratrem
1255 1598 1375 1661 suum,
1395 1572 1470 1646 ictu
1491 1573 1624 1672 lapidis
1645 1572 1777 1659 silicet,
1800 1573 1937 1646 occidit

331 1728 427 1776 eum.
451 1707 497 1778 Et
512 1705 592 1804 ipsa
612 1705 702 1778 hora
721 1730 743 1777 a
762 1709 840 1778 Deo
860 1705 1124 1778 condemnatus
1144 1706 1182 1777 in
1207 1705 1356 1778 exilium
1375 1705 1515 1780 eiectus
1542 1719 1598 1779 est
1611 1710 1637 1779 ¹.

406 1839 555 1910 Certum
582 1849 639 1910 est
665 1840 944 1911 Testamentum
975 1837 1078 1911 Adae
1108 1837 1299 1911 historiam
1331 1838 1439 1912 istam
1468 1839 1542 1911 iam
1574 1838 1761 1938 cognitam
1792 1863 1935 1938 suppo-

331 1995 432 2055 nere,
453 1995 561 2044 seens
580 1995 660 2044 eam
680 1971 796 2044 multo
810 1971 928 2043 fusius
948 1983 1154 2059 narrasset3
1177 1983 1307 2044 auctor
1324 1984 1447 2044 tamen
1467 1971 1696 2045 Testamenti
1714 1972 1831 2060 Adae,
1850 1999 1935 2045 enm

332 2103 424 2176 fines
452 2103 744 2204 Christologieos
769 2103 807 2176 in
838 2104 919 2202 ipso
942 2108 1180 2178 Testamento
1206 2103 1473 2178 conscribendo
1497 2130 1584 2203 prae
1614 2104 1731 2178 oeulis
1758 2104 1935 2178 habuisse

330 2236 509 2322 videatur,
529 2236 575 2310 ad
595 2237 847 2310 enarrationes
862 2236 1058 2310 historicas
1074 2238 1174 2337 Spel.
1195 2236 1375 2311 Thesauri
1394 2236 1611 2311 brevissime
1627 2250 1771 2310 tantum
1786 2236 1932 2311 alludit.
2043 2262 2044 2279 ¹

334 2369 426 2441 Hine
452 2368 583 2442 merito
610 2368 842 2443 concluditur
872 2370 1044 2469 prioritas
1075 2369 1279 2469 Speluncae
1305 2369 1481 2444 thesauri.
1514 2374 1597 2466 Quo
1625 2382 1747 2443 antem
1767 2383 1934 2469 ternpore

332 2528 425 2600 opus
444 2515 639 2601 utrumque
659 2516 779 2576 ortum
800 2502 862 2587 sit,
882 2517 982 2576 certo
1002 2503 1115 2577 statui
1134 2504 1195 2575 vix
1213 2516 1349 2603 potest.

407 2635 568 2710 Historia
586 2634 778 2709 fratricidii
802 2636 954 2735 eiusque
975 2636 1140 2709 reductio
1170 2636 1216 2708 ad
1236 2637 1372 2710 motiva
1396 2636 1601 2736 zelotypiae
1620 2636 1838 2736 perantiqua
1862 2648 1933 2709 est.

332 2769 624 2841 Commentarius
644 2768 850 2868 aggadiens
869 2771 1019 2842 Beretttb
1039 2774 1155 2856 rabba,
1176 2795 1254 2868 par.
1273 2769 1334 2841 22.
1360 2783 1484 2843 narrat
1506 2798 1514 2841 ε

331 2971 420 3037 nnn
440 2969 487 3035 rn
504 2942 599 3036 han
615 2969 672 3035 on
694 2943 808 3037 natu
827 2970 942 3037 nnnt
964 2970 1108 3038 nntsn
1126 2969 1237 3037 nnn
1253 2924 1321 3037 im
1337 2971 1425 3038 aaa
1442 2976 1451 3033 t
1467 2969 1582 3036 unm
1604 2969 1697 3036 nnn
1720 2970 1783 3037 nn
1800 2943 1874 3036 'aar

334 3084 405 3188 pp
426 3081 513 3188 opt
529 3085 580 3180 p
602 3085 726 3181 pant
745 3086 831 3153 aaa
854 3058 1008 3151 nabun
1031 3059 1153 3151 utun
1175 3086 1239 3151 aaa
1254 3082 1360 3153 anta
1383 3085 1445 3150 nn
1463 3085 1572 3154 nn:
1599 3085 1702 3151 trau
1725 3059 1847 3151 rnen
1870 3087 1936 3151 nn

405 3261 448 3328 Et
468 3282 530 3329 cur
554 3256 825 3330 contendebam?
838 3259 938 3329 nien
960 3260 1068 3331 nacti
1090 3261 1194 3329 Hune
1211 3284 1221 3328 .·
1239 3261 1340 3329 Soror
1352 3259 1500 3350 gemelle
1519 3258 1663 3330 ulterior
1681 3270 1766 3329 nato
1784 3270 1834 3329 eat
1857 3283 1934 3330 cum

331 3392 425 3462 atet.
437 3392 533 3461 Alter
542 3392 656 3462 dimit:
674 3395 744 3484 Epo
759 3392 883 3462 daleam
894 3415 979 3476 cnm,
1001 3395 1085 3484 quin
1094 3393 1345 3484 primogenitus
1362 3414 1451 3463 anm.
1470 3395 1513 3462 Et
1532 3392 1620 3462 alter
1634 3395 1707 3463 nit:
1724 3394 1796 3483 Epo
1810 3393 1935 3463 dtrcnm

330 3549 417 3609 enm,
434 3528 517 3617 qnia
528 3549 657 3596 meeum
672 3537 756 3596 neta
771 3535 832 3595 est.
846 3528 889 3595 tn
904 3527 992 3595 bane
1003 3527 1042 3595 ob
1056 3548 1197 3596 causam
1212 3528 1367 3596 surremit
1382 3527 1470 3596 Cain
1481 3524 1623 3619 (contra
1632 3523 1781 3595 fratrem
1792 3525 1931 3621 suurn).

405 3658 508 3752 Quae
527 3656 681 3730 historia
706 3656 815 3730 etiam
840 3656 935 3754 apnd
964 3656 1109 3729 Arabes
1134 3656 1328 3730 notissima
1350 3669 1419 3729 est.
1453 3660 1578 3728 Tobnrt
1597 3655 1669 3728 iam
1699 3655 1801 3729 novit
1828 3682 1936 3730 soro-

331 3813 409 3863 rem
430 3787 626 3889 gemellam
649 3789 757 3875 Cain,
780 3814 889 3887 qnam
913 3789 1126 3887 plerumque
1151 3788 1260 3861 Kabil
1285 3802 1406 3876 vocat,
1433 3788 1480 3862 ob
1507 3789 1676 3861 eximiam
1702 3802 1936 3862 venustatem

331 3948 459 3996 ansam
479 3922 683 4021 zelotypiae
709 3919 870 3994 dedisse.
895 3921 1013 3995 Etiam
1039 3925 1192 3995 Mas‘erti
1219 3922 1314 3996 hane
1343 3921 1461 4020 ipsam
1486 3921 1619 4020 repetit
1647 3920 1836 3995 historiam
1868 3948 1936 4022 ge-

332 4055 478 4129 mellam
502 4055 594 4128 Cain
622 4079 785 4128 sororem
806 4036 879 4140 lx)
905 4056 954 4135 l=
976 4055 1056 4137 nm)
1079 4055 1282 4155 appellans.
1311 4054 1534 4128 Mentionem
1556 4054 1643 4127 lacit
1663 4053 1773 4127 etiam
1795 4056 1936 4128 sororis

334 4189 454 4277 ttabtt,
476 4213 586 4288 quam
604 4169 683 4269 labi
708 4192 755 4268 (Ξ
776 4189 861 4268 ω»)
884 4188 986 4263 dicit.
1012 4190 1149 4262 Eadem
1173 4188 1298 4261 fabula
1323 4187 1478 4261 recurrit
1504 4187 1600 4286 apud
1623 4191 1844 4284 Entpehlnm,
1875 4188 1938 4288 qui

334 4348 497 4396 sororem
524 4320 615 4397 Cain
641 4324 765 4395 Arzun
790 4310 935 4426 (Μ)
964 4322 1093 4395 Abelis
1122 4348 1209 4394 vero
1237 4307 1315 4420 Uul
1343 4321 1445 4406 dicit,
1475 4345 1608 4420 graece
1635 4302 1725 4423 istd,
1750 4320 1935 4419 Lephora,

210 4500 212 4504 =
334 4455 432 4554 quod
451 4480 584 4528 nomen
604 4454 677 4527 iam
701 4454 783 4528 ideo
809 4454 971 4529 notabile
996 4468 1065 4542 est,
1089 4456 1175 4554 quia
1200 4454 1311 4528 etiam
1338 4454 1375 4527 in
1405 4453 1595 4527 codicibus
1623 4453 1851 4526 Testamenti
1879 4481 1937 4527 re·
2043 4500 2044 4505 =

334 4571 461 4644 currit.
495 4571 561 4643 His
597 4570 687 4643 loeis
719 4596 740 4643 a
770 4573 970 4645 Grr'tnbaum
1004 4570 1193 4644 collectis²
1226 4569 1311 4642 addi
1348 4569 1457 4642 dehet
1492 4567 1621 4641 relatio
1657 4572 1720 4641 lbn
1750 4572 1931 4656 Koteibn',

335 4703 396 4802 qui
419 4716 580 4777 ceterum
604 4703 769 4777 eamdem
792 4729 868 4777 rem
892 4703 1052 4776 breviter
1071 4703 1215 4802 repetit,
1238 4703 1326 4801 quin
1341 4701 1490 4775 nomina
1511 4726 1678 4774 sororum
1698 4700 1938 4801 gemellarum

336 4836 426 4909 Cain
447 4850 482 4908 et
501 4834 595 4909 Abel
618 4837 763 4911 reserat.

411 4970 457 5042 ll.
482 4973 635 5043 Historia
661 4976 854 5067 apocrypho
881 4970 1048 5069 Virginis
1081 4969 1261 5069 Deiparae
1290 4994 1311 5041 a
1339 4967 1493 5067 Wright
1527 4967 1627 5041 edita
1659 4970 1936 5043 Testamentum

336 5104 439 5178 Adae
460 5127 633 5202 expresse
653 5103 791 5203 allegat
810 5103 962 5176 dicens*
982 5129 990 5173 :

398 5281 406 5318 ⁴
425 5280 554 5357 Bezold,
572 5301 625 5364 op.
644 5283 710 5355 cit,
727 5287 834 5342 textus
850 5278 1007 5360 syriacus,
1022 5298 1099 5361 pag.
1114 5282 1163 5340 32.

397 5388 410 5426 ²
431 5386 526 5452 Neue
539 5386 696 5468 Beitrage
710 5406 773 5446 zur
785 5385 991 5447 aemitbcben
1008 5383 1240 5468 Sagenlcnnde,
1256 5382 1376 5446 beiden
1392 5388 1481 5458 1893,
1500 5388 1607 5446 67-79.

398 5492 514 5577 ³l‘ag.
539 5500 569 5553 V.

400 5600 410 5638 ⁴
430 5598 674 5663 contributione
695 5611 726 5659 to
747 5598 798 5662 the
812 5597 1031 5681 Apoeryplral
1047 5596 1235 5660 Literature
1251 5600 1294 5679 of
1306 5597 1357 5659 the
1375 5596 1459 5662 Nem
1479 5595 1675 5673 Testament,
1696 5594 1830 5659 London
1850 5602 1936 5671 1865,

339 5726 371 5791 p.
390 5728 415 5790 ,s
428 5705 658 5790 Fragmentum
675 5705 774 5768 eeod.
789 5704 871 5767 Add.
888 5702 1215 5785 lamentatore.
1233 5706 1319 5787 1197)
1334 5703 1542 5785 desumptum
1557 5710 1605 5764 est
1619 5700 1670 5784 (cl.
1687 5701 1821 5765 Prelaee
1831 5724 1864 5786 p.
1880 5706 1936 5784 10).
