4120 6458
210 566 491 633 SCRIPTORUM
514 556 780 631 TESTIMONIA
802 565 858 627 DE
881 561 1152 628 BAEDESANIS
1174 561 1288 641 VITA,
1313 562 1520 627 SCRIPTIS.
1609 568 1668 626 526

76 753 248 823 radiorum
272 753 405 833 Lunae,
434 749 492 820 sot
509 749 690 841 purificat,
714 748 819 818 siccat
841 758 872 817 et
895 747 1064 838 calefacit.
1092 749 1150 816 Em
1178 746 1231 817 bis
1254 746 1507 838 operationibus
1531 746 1671 816 illorum

79 885 243 955 maiorum
262 893 433 953 astrorum
452 892 616 964 crescunt,
639 891 732 951 stant
750 891 782 951 et
799 891 1043 951 comeruantur
1061 900 1175 949 omnes
1195 891 1341 949 naturae
1359 880 1551 950 creationis.
1580 882 1673 951 Unde

80 1027 281 1088 uocauerunt
301 1017 366 1086 itta
384 1016 499 1086 sidero
517 1015 751 1085 Dominotores
770 1025 801 1083 ct
824 1013 995 1084 Dominae.

154 1151 208 1221 Ex
233 1147 301 1220 hoc
325 1159 427 1220 textu
448 1144 706 1245 intelliguntur
730 1144 840 1217 etiam
865 1143 955 1217 haec
973 1142 1086 1216 verba
1106 1145 1145 1215 S.
1174 1142 1349 1243 Ephrem,
1377 1169 1470 1241 quae
1490 1143 1537 1215 ad
1561 1170 1678 1244 gnos-

83 1281 192 1355 ticum
212 1305 361 1353 sensum
381 1304 402 1352 a
422 1277 589 1377 pluribus
609 1302 800 1377 perperam
820 1277 964 1350 detorta
984 1278 1092 1349 sunt¹
1115 1304 1123 1348 ε

152 1417 363 1487 Bardesanes
387 1415 508 1485 laudat
530 1415 642 1484 atium
664 1413 897 1507 (Paradisum)
920 1415 959 1483 in
982 1435 1047 1504 quo
1074 1412 1215 1505 quisquc
1237 1435 1344 1482 sanus
1367 1415 1558 1497 erubescat;
1578 1413 1680 1483 iilum

86 1551 237 1621 uidelicet
263 1572 360 1643 quem
387 1548 444 1619 Dii
469 1547 609 1641 quidam
633 1558 822 1640 peometrae
848 1546 1063 1616 arcbitectati
1089 1557 1184 1628 sunt,
1213 1548 1316 1616 Pater
1344 1557 1377 1616 et
1403 1550 1511 1617 Mater
1541 1547 1681 1642 (rerum)

86 1707 144 1754 suo
162 1683 340 1754 concubitu
358 1693 435 1752 sota
453 1681 486 1751 ei
503 1681 679 1753 dederam.

160 1815 340 1887 Dicuntur
372 1813 468 1885 euim
495 1811 664 1910 planetae
696 1810 882 1909 conjuncti
909 1809 967 1883 vel
995 1810 1099 1909 nupti
1129 1806 1275 1909 quaudo
1308 1811 1454 1886 illorum
1484 1814 1577 1886 radii
1602 1839 1684 1887 con·

92 1948 261 2021 currunt²
280 1974 288 2018 :

92 2088 186 2157 ἐμὲ·
204 2083 405 2156 atacem-r
420 2089 480 2145 »tu
496 2084 564 2148 rura
576 2090 618 2138 *ἑ
631 2086 775 2156 μείω
787 2076 855 2147 rioth
868 2088 910 2137 *ἑ
925 2088 1037 2153 aimo
1053 2089 1157 2152 suaa
1175 2081 1241 2154 rib
1261 2091 1348 2149 s't-u
1360 2092 1498 2157 ,ιεωι
1518 2084 1611 2151 „aaa

167 2333 310 2418 Quaado
334 2333 508 2403 coniuncti
524 2341 606 2401 sunt
633 2329 727 2401 radii
750 2331 911 2399 bonorum
934 2329 988 2398 vet
1011 2329 1180 2399 matorum
1204 2329 1216 2421 (
1222 2330 1456 2424 planetarum)
1479 2344 1512 2402 et
1535 2334 1695 2405 incidunt

99 2467 134 2535 in
151 2470 286 2537 Lunam
306 2465 396 2536 unde
414 2466 658 2557 duperpuntur
672 2464 710 2533 in
729 2462 906 2545 creatione,
932 2474 1023 2545 tunc,
1047 2463 1186 2555 eoquod
1200 2452 1386 2534 miscentur
1404 2465 1442 2534 in
1457 2489 1544 2550 aere,
1570 2467 1696 2538 dicuu-

100 2612 156 2670 tur
172 2599 338 2670 coartatio
357 2599 478 2670 iuncti.

173 2730 278 2804 Unde
302 2728 506 2802 asseruisse
529 2726 674 2800 videtur
701 2725 929 2799 Bardesanes
956 2725 1170 2799 Paradisum
1195 2730 1429 2822 (terrestrem)
1455 2755 1528 2803 non
1552 2731 1696 2805 actione

105 2862 312 2936 immediata
340 2861 426 2947 Dei,
454 2861 519 2933 sed
543 2860 681 2933 inssuxu
706 2873 887 2933 astrorum
913 2859 989 2956 (qui
1019 2861 1072 2932 dii
1097 2858 1293 2959 improprie
1317 2860 1363 2933 ab
1390 2863 1590 2963 astrologis
1617 2878 1698 2937 eta

108 2999 144 3069 S.
174 2995 333 3094 Ephrem
356 2994 539 3085 dicuntur)
560 3007 596 3066 et
619 2992 814 3092 praecipue
838 2990 933 3065 Solis
958 3005 995 3065 et
1018 2995 1154 3079 Lunae,
1177 2993 1415 3067 coustitutum
1441 3009 1477 3069 et
1498 2996 1702 3095 plantatum

107 3129 231 3215 fuisse,
248 3127 345 3228 quod
364 3126 512 3201 minime
532 3126 741 3227 gnosticum
761 3138 827 3200 est.

18 3272 19 3321 t
179 3261 334 3336 Paulum
354 3260 460 3333 aliter
479 3284 522 3333 ac
542 3258 701 3333 Michael
726 3257 854 3332 scribit
873 3261 944 3332 Bar
964 3257 1168 3347 Hebraeus,
1189 3271 1230 3333 ut
1251 3259 1325 3333 iam
1344 3260 1516 3350 diximus,
1538 3264 1576 3336 in
1596 3268 1706 3338 Cbro-

110 3401 181 3469 nico
200 3398 424 3468 ecclesiastico
444 3397 456 3432 ³
480 3422 488 3466 :

21 3498 24 3655 b
106 3548 1669 3638 mmmmmaaasausmumaaamaamarceamus

23 3672 25 3741 t
113 3666 208 3738 dtas·
229 3669 268 3730 rt·
286 3664 344 3748 aa,
362 3670 465 3744 saura
483 3663 655 3729 amabi
678 3663 860 3734 οὼθὲὸιὸ
879 3669 989 3734 ,usq
1010 3666 1094 3729 tm
1109 3671 1157 3718 ὼ
1173 3662 1263 3746 Aut
1284 3664 1707 3734 stasim-stamnum·

24 3782 25 3803 ³
112 3778 721 3851 assasuasauausuaa
741 3773 1171 3849 &assimilativum
1191 3775 1711 3865 acerrumafsaaaa

116 3891 1711 3997 .„u›¹—‘··⁵vtte-2‡³›÷·s·u⁸rouvsst·s2amaratssfflwssmareau

995 4047 1003 4062 ⁴
1340 4038 1416 4091 ’ὼ
1426 4038 1566 4106 ¹⁶23&
1580 4042 1614 4104 vt
1626 4032 1713 4109 2be

186 4166 235 4232 Eo
254 4173 400 4255 tempore
421 4162 572 4232 innotuit
590 4159 804 4231 Bardesanes
829 4160 899 4252 qui,
922 4160 1042 4231 relicta
1060 4161 1214 4231 doctrina
1233 4163 1369 4234 etbnica
1387 4165 1569 4236 sacerdotis
1590 4163 1713 4260 (idolo-

31 4320 34 4475 p
120 4295 207 4392 rum)
232 4297 459 4387 Mabupensis,
483 4294 584 4388 fidem
607 4294 789 4387 arripiemus
813 4304 916 4363 estet
942 4294 1109 4386 baptisma
1129 4295 1262 4388 recepit,
1288 4298 1355 4366 imo
1381 4297 1570 4368 doctrinam
1596 4300 1714 4370 Eccle-

33 4490 35 4539 ι
121 4430 188 4499 siae
209 4429 323 4500 docuit
341 4430 496 4509 Edessae,
517 4437 747 4520 tractatusque
764 4427 926 4497 aduersus
946 4428 1098 4498 baereses
1117 4429 1301 4521 composuit
1309 4458 1324 4514 ,·
1343 4441 1380 4500 at
1399 4432 1534 4502 tandem
1555 4433 1602 4503 ad
1619 4437 1715 4504 Mar-

34 4558 35 4565 '
124 4564 226 4633 rionis
241 4575 274 4634 et
293 4562 466 4632 Valentini
484 4570 670 4631 commenta
687 4561 878 4644 declinans,
898 4562 1177 4631 resurrectionem
1193 4566 1347 4654 nepacit,
1366 4565 1624 4636 matrimonium
1641 4591 1716 4638 cero

121 4697 391 4790 purificationem
405 4697 535 4765 uocauit
549 4705 580 4763 ct
589 4695 787 4786 puritatem,
804 4705 836 4764 et
852 4696 999 4764 asseruit
1012 4697 1158 4779 Lunam,
1180 4708 1321 4767 matrem
1336 4698 1435 4782 uitae,
1455 4701 1605 4791 sirrpulis
1626 4725 1717 4771 men·

126 4828 214 4900 sibus
230 4853 356 4900 caruere
375 4829 489 4898 iumen
504 4851 605 4898 suum
619 4838 652 4897 et
669 4828 806 4918 inpredi
819 4828 866 4897 ad
880 4828 989 4898 Solem
1007 4840 1138 4919 patrem
1154 4831 1246 4901 vitae
1266 4842 1302 4901 ut
1318 4842 1432 4902 sumat
1445 4856 1491 4902 ecc
1505 4856 1542 4902 eo
1556 4835 1715 4926 spiritum

127 4964 389 5034 conservationis
407 4984 505 5055 quem
525 4960 628 5052 (inde)
649 4958 740 5054 efflat
766 4962 802 5030 in
821 4940 911 5030 bunc
937 4963 1129 5055 (muudum)
1154 4964 1366 5035 universum.
1388 4966 1483 5035 Viuit
1503 4965 1717 5038 Bardesones

129 5118 231 5166 anuos
249 5094 297 5166 68
316 5106 348 5166 et
370 5095 452 5166 obiit
471 5117 563 5164 anno
582 5092 665 5164 533.
682 5094 813 5165 Daisaa
834 5105 948 5165 autern
969 5119 1089 5166 nomen
1107 5107 1156 5166 est
1173 5096 1275 5189 fluvii
1292 5098 1454 5169 Edessam
1475 5100 1654 5183 abluentis,
1674 5103 1719 5171 ad

131 5228 223 5299 cuius
240 5230 353 5322 ripam
372 5251 448 5298 eum
467 5228 624 5321 penuerit
644 5241 752 5300 nsoter
769 5228 843 5297 eius
857 5229 1063 5313 Nabsiram;
1077 5240 1179 5321 pater
1197 5254 1273 5300 vero
1287 5231 1361 5300 eius
1380 5245 1453 5303 erat
1471 5234 1644 5304 Nubama.

191 5475 198 5511 ⁴
217 5474 251 5537 S.
267 5472 537 5558 Ephrem'Opera
552 5477 674 5549 amnia,
692 5472 824 5550 Romae,
842 5479 929 5549 1740,
947 5484 970 5537 t.
987 5474 1026 5550 11,
1044 5496 1076 5559 p.
1094 5480 1153 5537 558
1168 5472 1208 5537 D.
1227 5475 1276 5539 cf.
1296 5496 1395 5561 supra
1410 5498 1442 5560 p.
1460 5483 1607 5542 aba-506.

189 5578 202 5617 ¹
220 5580 331 5643 Causa
347 5580 547 5658 Causarum,
564 5580 709 5664 Leipzig,
729 5586 815 5656 1889,
832 5602 865 5664 p.
883 5587 952 5657 209,
968 5581 991 5644 l.
1008 5587 1037 5644 5.

192 5686 204 5724 ³
225 5686 252 5749 b.
272 5687 309 5750 B.
322 5686 487 5783 pbbeloos
501 5695 533 5751 at
552 5687 613 5750 Th.
631 5687 742 5770 Lamp,
761 5688 914 5772 Gregorii
931 5687 1004 5751 Bar
1021 5688 1167 5751 Hebraei
1184 5691 1360 5754 chronicon
1382 5692 1648 5771 ecclesiasticum,
1668 5692 1725 5754 Lo·

135 5792 229 5867 venii,
243 5798 329 5870 1872,
344 5802 369 5856 t.
387 5793 411 5869 l,
427 5793 488 5856 col.
505 5798 611 5858 45-46.

239 5919 304 5954 rm
317 5919 370 5956 aaa.
384 5932 410 5942 -
425 5920 445 5953 r.
459 5920 474 5953 1.
487 5920 507 5953 τ.
522 5921 546 5953 a.
1552 5919 1578 5959 1⁸
