4120 6458
348 652 435 725 dum
470 662 526 723 est
553 646 709 721 forsitan
738 642 953 744 Bapdncrirm
982 652 1036 716 κνὶ
1070 647 1229 740 ‘Apporto
1261 643 1489 714 Bardesanem
1531 654 1563 712 et
1594 642 1820 713 Harmoniam
1854 638 1955 733 (cius
2049 654 2050 665 ¹

349 784 491 878 filium).

414 920 539 990 'Natus
563 928 619 988 est
644 913 806 987 Edessae
828 912 887 985 vel
912 910 1042 984 saltem
1065 935 1178 1009 prope
1205 908 1399 992 Edessam,
1422 919 1462 979 ut
1486 906 1623 980 indicat
1647 907 1726 979 eius
1751 932 1886 979 nomen
1913 919 1957 978 et
2049 998 2050 1003 ἵ

347 477 407 536 ιον
855 508 858 513 .
887 462 1132 528 anuarino
1154 498 1194 509 -
1216 461 1357 525 curm
1380 460 1405 525 1.

2049 578 2050 623 l

2049 712 2050 743 l

349 1050 498 1125 tradunt
521 1047 685 1148 plerique
710 1046 921 1144 scriptores.
944 1042 1107 1117 Celebris
1127 1042 1190 1115 illa
1208 1041 1297 1115 urbs
1317 1042 1355 1114 in
1374 1040 1639 1140 Mesopotamia
1660 1041 1731 1113 sita
1751 1052 1825 1125 est,
1847 1039 1954 1112 unde
2049 1088 2050 1163 3

350 1184 592 1266 Bardesanes,
614 1206 697 1254 cum
714 1182 829 1278 Syrus
850 1178 996 1251 natione
1024 1189 1060 1250 et
1081 1176 1208 1276 lingua
1228 1187 1339 1259 esset,
1360 1173 1484 1247 vocari
1503 1173 1622 1272 potuit
1647 1180 1681 1244 ἐκ
1702 1179 1956 1269 Μεσοποταμίας
2049 1168 2050 1229 l

2049 1234 2051 1315 l

351 1314 701 1414 (Mesopotamiae)¹.

425 1557 460 1627 2.
495 1555 724 1629 Bardesanes
757 1552 934 1624 educatus
958 1564 1015 1624 est
1053 1551 1089 1624 in
1116 1549 1199 1623 aula
1233 1549 1335 1649 regia
1359 1574 1441 1622 cum
1470 1548 1597 1648 Abgar
1626 1550 1704 1646 (lX)
1734 1548 1810 1621 filio
1836 1550 1956 1621 Manu
2049 1560 2050 1575 ¹

354 1691 484 1788 (Vlll),
502 1689 602 1786 regis
622 1686 806 1759 Edessae²
832 1713 841 1756 :
869 1688 1000 1783 Αὐγοίρῳ
1019 1682 1053 1756 δὲ
1074 1699 1119 1775 τῷ
1142 1696 1204 1755 τῶν
1226 1680 1418 1762 Ἐδισσηνῶν
1441 1681 1576 1781 δυνάστῃ
1598 1678 1686 1781 ἀνδρὶ
1710 1687 1874 1773 ὀσιωτοίτῳ
1897 1685 1958 1752 καὶ

351 1827 539 1922 λογιωτάτῳ
565 1820 794 1916 ἐξοικειούμενος
819 1821 860 1889 τὰ
888 1831 1011 1916 πρῶτα,
1041 1821 1093 1889 κκὶ
1118 1820 1325 1914 ωιμπροίττων
1353 1848 1387 1888 τε
1413 1820 1477 1914 ἅμα
1504 1820 1558 1888 καὶ
1587 1831 1643 1899 τῆς
1668 1825 1760 1888 αὐτοῦ
1790 1825 1958 1914 parca-Ldos

352 1957 534 2038 παιδείαςῧ.

428 2092 600 2163 Testatur
628 2087 736 2161 etiam
758 2086 871 2159 lulius
899 2085 1094 2158 Africanus
1124 2111 1164 2158 se
1192 2084 1294 2157 illum
1325 2083 1463 2157 vidisse
1492 2084 1529 2156 in
1555 2083 1639 2157 aula
1662 2085 1843 2184 Abgaris3
1874 2097 1958 2157 erat
2049 2130 2050 2167 r

353 2235 442 2295 tuuc
463 2221 691 2294 Bardesanes
709 2219 825 2293 solers
841 2229 994 2291 venator
1014 2245 1022 2289 ε
1046 2214 1124 2289 εἶδον
1145 2221 1199 2290 καὶ
1221 2224 1313 2301 αὐτὸς
1337 2231 1368 2288 ιν
1393 2217 1548 2314 Ἀὅγᾶροο
1571 2231 1628 2288 τοῦ
1651 2225 1798 2308 βασιλέως
1821 2223 1959 2289 Illirico

353 2370 407 2428 τοῦ
429 2352 539 2438 παιδὸς
565 2364 658 2426 αὐτοῦ
677 2357 825 2435 πολλάκις
849 2362 1051 2450 πιιράσκντος
1075 2357 1146 2449 ἐμοῦ
1168 2358 1410 2451 ὑφηγησαμένων.
1431 2350 1566 2434 Τοξότης
1584 2358 1664 2423 οὕτω
1684 2349 1778 2433 δεινὸς
1796 2354 1849 2435 ἦν,
1871 2362 1959 2424 ὥστε
2049 2386 2050 2391 ’

355 2494 443 2587 θτῖρκς
463 2495 537 2560 ποτὲ
557 2498 634 2584 ημῖν
656 2493 746 2568 aion:
767 2489 845 2584 cippi
870 2485 1101 2584 psoaptipiav...
1128 2489 1163 2564 ἦν
1187 2481 1222 2557 δὲ
1247 2497 1304 2583 ἄρηι
1323 2491 1413 2582 σοφὸς
1433 2487 1560 2571 τοξότης
1579 2482 1781 2583 Βαρδησάνης
1803 2489 1884 2584 εἴπερ
1905 2517 1958 2569 τις
2049 2476 2050 2489 ¹

356 2628 465 2719 ἕτερος.
532 2620 735 2717 ἐθανμοῖζομιν
752 2615 787 2690 δὲ
805 2629 979 2719 ὁρῶντες...
994 2622 1021 2692 ⁴.

430 2754 517 2828 Inde
543 2754 708 2852 sequitur
726 2752 972 2826 Bardesanem
997 2778 1042 2825 ex
1064 2753 1266 2852 praestanti
1288 2752 1426 2826 familia
1448 2767 1588 2850 natum,
1615 2752 1870 2826 educationem
1893 2779 1958 2826 re·

357 2889 456 2987 giam
479 2901 625 2986 nactum
649 2911 731 2959 esse
752 2900 788 2960 et
812 2887 1112 2959 exercitationum
1137 2886 1237 2986 regis
1264 2886 1478 2987 participem
1499 2887 1645 2960 fuisse:
1676 2886 1807 2959 studiis
1828 2900 1957 2959 tamen

358 3020 525 3093 addictus
548 3032 638 3104 erat,
663 3045 748 3092 uam
771 3012 936 3119 linguam
959 3020 1139 3118 syriacam
1163 3033 1199 3093 et
1222 3003 1386 3119 linguam
1410 3045 1580 3119 graecam
1600 3019 1735 3116 optime
1761 3018 1918 3092 callebat
1943 3048 1952 3091 ε

356 3161 457 3253 λόγιος
476 3184 523 3237 τις
536 3157 575 3224 ὢν
587 3160 617 3224 ἐν
635 3164 706 3235 ταῖς
722 3148 792 3224 δυσὶ
807 3160 974 3250 γλώοσοιις,
999 3157 1168 3251 Ἑλληνικῇ
1187 3183 1222 3225 τι
1241 3151 1393 3243 διαλέκτῳ
1412 3157 1464 3226 καὶ
1480 3169 1518 3253 τῇ
1536 3169 1597 3225 τῶν
1615 3159 1717 3250 Σύρων
1732 3168 1813 3251 φωνῇ
1825 3156 1849 3224 ⁵.

430 3287 488 3360 Ad
512 3312 690 3359 summam
706 3287 950 3359 astronomiae
970 3298 1006 3360 et
1022 3286 1246 3385 astrologiae
1262 3288 1510 3387 cognitionem
1525 3299 1741 3387 pervenerat
1765 3314 1773 3357 ε
1796 3286 1844 3358 ἐπ’
1863 3286 1960 3382 ἄκρον

358 3419 392 3492 δὲ
412 3436 470 3503 τῆς
485 3419 661 3515 χαλδαϊκῆς
679 3427 852 3516 ἐπιστήμης
872 3422 1090 3503 anteierat

434 3556 550 3626 Homo
573 3564 651 3624 erat
673 3551 897 3650 perceleber,
923 3551 959 3624 in
985 3553 1128 3651 syriaca
1152 3553 1281 3652 lingua
1303 3553 1548 3652 peritissimus
1571 3583 1579 3624 :
1602 3557 1788 3636 ἱκανώτατος
1809 3584 1859 3635 τις
1883 3558 1960 3649 ἁνήρ
2049 3570 2050 3631 1

361 3692 392 3756 ἔν
411 3717 445 3756 τε
462 3701 501 3783 τῇ
521 3692 622 3783 Σύρων
642 3700 723 3785 φωνῇ
740 3681 1019 3767 διαλεκτικώτατος
1031 3690 1057 3756 ⁷.

434 3947 469 4016 3.
502 3943 726 4042 Porphyrius
744 3943 937 4036 (sss-305)
957 3943 1084 4016 scribit
1103 3944 1149 4015 ad
1169 3944 1448 4043 praecedentem
1474 3944 1661 4017 hominum
1680 3956 1838 4017 aetatem
1865 3946 1958 4016 Bar-

360 4076 535 4149 desanem
554 4075 775 4174 pertinuisse
798 4105 806 4147 ι
830 4080 880 4148 ἐπὶ
898 4090 960 4147 τῶν
978 4087 1118 4174 πατέρων
1137 4088 1224 4175 ν’,μῶν
1244 4081 1411 4176 γεγονώς8.

439 4210 538 4283 ldcm
562 4209 786 4308 Porphyrius
812 4210 850 4281 in
877 4210 948 4283 alio
975 4235 1085 4308 opere
1109 4211 1236 4283 scribit
1259 4212 1505 4284 Bardesanem
1523 4211 1660 4283 vidisse
1681 4210 1791 4284 ludos
1813 4211 1961 4310 legatos

425 4485 433 4520 ⁴
458 4483 628 4558 Eusebius,
653 4484 695 4547 II.
722 4484 764 4547 E.
783 4483 838 4559 lV,
864 4490 917 4559 30;
933 4484 974 4546 P.
998 4485 1037 4547 (ἶ.
1061 4494 1084 4546 1.
1105 4485 1175 4559 XX,
1199 4485 1259 4549 col.
1285 4490 1354 4548 401.
1372 4485 1515 4559 Hieron,
1536 4485 1586 4547 De
1606 4487 1751 4547 virisill.
1772 4491 1826 4561 333
1850 4485 1890 4546 P.
1915 4485 1953 4550 L.

364 4599 387 4652 t.
405 4589 522 4665 xxlll,
539 4590 600 4653 col.
619 4594 687 4653 617.
706 4589 823 4673 Epipb.
841 4591 944 4653 Haer.
963 4591 1043 4654 LVI.
1060 4592 1174 4655 Dicere
1189 4612 1363 4675 possumus
1383 4593 1480 4655 etiam
1495 4592 1659 4675 regionem
1674 4592 1852 4667 Osroenen‚
1868 4593 1959 4654 cuius

364 4705 461 4780 caput
474 4706 524 4760 est
537 4696 674 4773 Edessa,
691 4696 731 4759 ad
746 4698 931 4760 Armeniam
945 4698 994 4760 vel
1010 4698 1050 4760 ad
1066 4698 1330 4782 Mesopotamiam
1346 4719 1364 4761 a
1379 4699 1514 4780 diversis
1529 4698 1712 4762 auctoribus
1728 4698 1849 4762 referri.

425 4805 437 4841 ²
453 4803 550 4866 Manu
566 4804 661 4886 (Vlll)
676 4805 856 4888 regnavita
873 4810 929 4867 139
944 4804 984 4867 ad
1000 4811 1057 4867 163
1070 4813 1102 4867 et
1117 4826 1134 4866 a
1152 4812 1206 4869 167
1222 4804 1261 4867 ad
1280 4812 1345 4868 1711.
1363 4805 1475 4890 Abgar
1490 4806 1553 4888 (lx)
1570 4806 1746 4890 regnavita
1764 4811 1820 4869 179
1833 4804 1874 4869 ad
1886 4811 1957 4868 216.

364 4910 414 4973 Cl.
433 4910 563 4973 Rubens
580 4910 694 4987 Darei,
712 4911 856 4973 Histoire
871 4898 1045 4986 d’li'deaae,
1062 4911 1165 4988 Paris,
1182 4918 1269 4987 1892,
1285 4933 1316 4995 p.
1335 4918 1441 4976 72-73.

426 5016 438 5055 ³
455 5016 584 5101 Epipb.,
601 5017 705 5081 Haer.
722 5018 802 5083 Lvl.

425 5122 527 5185 ⁴L0r.
546 5129 598 5188 rit.
615 5125 781 5188 Citatusin
793 5124 987 5209 Hilgenfeld,
1000 5124 1213 5188 Bardesanes
1227 5126 1392 5188 derletrte
1410 5125 1593 5203 Gnostilrer,
1604 5126 1745 5210 Leipzig,
1762 5131 1849 5202 1861,
1862 5147 1893 5209 p.
1911 5129 1959 5187 14.

426 5231 438 5265 ³
455 5229 584 5312 Epipb.,
600 5232 704 5293 llaer.
727 5231 808 5294 LVI.

426 5336 438 5373 ⁰
454 5336 542 5411 Eua,
560 5336 683 5420 Praep.
699 5338 758 5399 Eo.
776 5338 830 5413 Vl,
848 5344 878 5413 93
894 5338 935 5400 P.
956 5338 993 5402 G.
1010 5347 1034 5401 1.
1049 5339 1135 5414 XXI,
1151 5340 1211 5403 col.
1227 5345 1368 5405 lot-476.

424 5443 544 5518 ⁷llus.,
561 5444 603 5505 ΙΙ.
622 5444 662 5505 Ε.
678 5443 732 5519 IV,
750 5448 799 5507 30.
1062 5468 1064 5471 ·

425 5550 505 5612 ⁸De
533 5551 651 5613 obstin.
674 5550 728 5625 IV,
754 5557 801 5626 17,
829 5550 964 5628 Romae,
994 5559 1081 5618 1630.
1110 5554 1159 5617 Cl.
1185 5555 1319 5637 Fragm.
1345 5556 1421 5619 Ιιιίι.
1444 5576 1557 5640 graec.
1580 5565 1604 5617 t.
1632 5555 1660 5620 V
1684 5556 1720 5631 b,
1746 5554 1850 5631 Paris,
1875 5557 1960 5627 1872,

365 5678 397 5739 p.
417 5658 506 5719 70-72
