4108 6458
613 551 669 615 DE
691 550 1022 616 PERSECUTlONE
1046 547 1240 614 saronis.
1311 649 1314 655 ⁸
1669 556 1724 613 711
1800 602 1803 609 ,

127 745 188 818 ille
207 743 345 816 nullam
363 740 472 813 huius
492 739 633 838 imperii
648 739 827 812 rationem
846 739 1008 812 hahens:
1030 763 1090 811 res
1106 737 1168 810 diu
1189 736 1313 809 multis
1334 736 1564 809 sermonibus
1584 751 1727 835 pertra-

128 889 224 951 ctata
242 875 323 963 luit,
342 900 433 974 ques
453 871 587 945 referre
607 898 680 944 nen
698 884 817 944 vacat.
836 876 922 945 Mox
940 871 1067 944 fideles
1088 871 1189 968 ipses
1212 869 1404 942 Modainae
1422 883 1458 942 et
1478 869 1654 968 Spanirae
1675 870 1727 942 iu·

125 1009 235 1083 bebat
249 1035 312 1080 rex
322 1032 426 1080 suam
445 1004 614 1104 amplecti
630 1005 945 1104 superstitionem3
964 1004 1063 1102 qued
1073 1003 1146 1076 illis
1161 1003 1282 1075 facere
1295 1001 1563 1092 recusantibus,
1577 1017 1726 1101 propter

125 1141 411 1216 inobedientiam
442 1164 567 1212 eorum
603 1137 778 1211 eeclesias
807 1138 902 1210 dirui
930 1137 1049 1210 iussit.
1078 1140 1187 1210 Pater
1219 1148 1340 1215 autem
1368 1149 1536 1221 sanctuS,
1563 1135 1725 1210 fidelium

126 1300 242 1374 grege
268 1283 480 1360 convocato,
498 1269 769 1344 multitudinem
790 1271 836 1343 ad
856 1270 967 1344 animi
987 1268 1240 1343 fortitudinem
1258 1267 1422 1342 excitans
1447 1267 1499 1340 sie
1515 1282 1571 1342 est
1590 1269 1725 1343 allocu-

122 1422 206 1482 tust
228 1439 245 1474 α
262 1405 514 1492 Considerate,
531 1403 609 1492 filii,
628 1416 716 1502 quet
737 1430 781 1476 ex
799 1403 988 1502 prophetis
1007 1416 1044 1477 et
1062 1401 1240 1501 apostolis
1258 1402 1355 1476 ferre
1374 1401 1494 1475 necati
1513 1401 1587 1475 sint
1607 1428 1649 1475 ac
1668 1402 1725 1475 la-

124 1540 272 1638 pidibus
291 1538 426 1626 ebruti,
449 1538 518 1610 hoc
538 1549 660 1609 autem
676 1561 743 1610 ves
765 1562 810 1609 ne
830 1536 949 1637 lugiet
968 1562 1035 1609 nec
1055 1536 1122 1609 Dei
1143 1534 1313 1608 altissimi
1332 1534 1505 1609 virtutem
1528 1534 1722 1624 delenisse,

122 1700 191 1747 nee
216 1672 353 1747 Christi
374 1671 550 1771 gloriam,
574 1670 640 1743 sed
662 1669 757 1743 velle
782 1669 902 1768 ipsum
923 1694 989 1768 per
1010 1668 1226 1768 patientiam
1246 1666 1420 1741 debilium
1441 1668 1479 1740 in
1501 1669 1724 1742 eruciatibus

120 1832 187 1905 pre
208 1806 288 1879 eius
303 1828 426 1877 amere
446 1802 673 1901 perferendis
692 1803 895 1902 potentiam
915 1826 1020 1875 suam
1035 1802 1229 1875 ostendere
1250 1829 1258 1873 ε
1275 1826 1343 1874 nae
1357 1799 1418 1874 ille
1432 1801 1538 1874 vebis
1552 1801 1724 1875 virtutem

119 1937 324 2038 praestabit
348 1949 385 2010 et
408 1961 514 2035 opem
533 1937 644 2023 leret,
667 1935 697 2008 si
719 1935 830 2008 cerda
854 1935 900 2008 ad
920 1934 1040 2033 ipsum
1065 1934 1227 2034 erigitis,
1249 1932 1310 2006 ille
1335 1933 1609 2007 imbecilitatem
1634 1960 1721 2008 nes·

119 2085 214 2144 tram
234 2069 406 2156 firmabit,
424 2094 642 2167 persuasum
661 2066 797 2142 hahere
812 2080 956 2166 eportet
968 2066 1070 2140 brevi
1086 2079 1312 2140 cessaturam
1332 2066 1576 2141 calamitatem
1597 2067 1719 2156 istam,

120 2228 275 2302 eamque
301 2215 509 2276 secuturam
526 2201 704 2274 laetitiam
728 2214 764 2275 et
792 2201 982 2300 requiem:
1006 2200 1182 2274 ecelesias
1202 2212 1324 2273 autem
1344 2226 1437 2300 quae
1451 2213 1616 2274 vastatae
1637 2214 1723 2274 sunt

120 2336 318 2436 splendore
343 2347 452 2434 atque
485 2347 616 2408 ornatu
638 2334 902 2433 prestantiores
928 2333 1138 2407 restitutum
1166 2333 1211 2405 iri
1236 2361 1244 2405 :
1274 2333 1424 2407 obrutas
1448 2333 1545 2406 enim
1564 2333 1647 2407 illas
1667 2334 1722 2406 la-

122 2468 279 2542 mentari
295 2493 363 2541 nos
381 2468 530 2541 minime
550 2467 649 2555 licet,
668 2492 760 2566 quos
776 2480 925 2540 manent
943 2467 981 2539 in
997 2466 1110 2540 caelis
1125 2465 1236 2539 aedes
1257 2466 1355 2539 haud
1370 2466 1528 2539 humane
1543 2467 1722 2540 excitatae

120 2626 245 2700 opere,
267 2626 335 2675 nec
358 2601 455 2674 enim
480 2600 673 2673 Modainae
697 2612 760 2672 aut
788 2599 964 2697 Spanirae
985 2613 1047 2672 aut
1071 2599 1217 2672 Karhae
1245 2599 1338 2672 sitae
1358 2598 1441 2672 illae
1462 2613 1547 2673 sunt
1567 2599 1633 2674 sed
1658 2625 1721 2673 su-

120 2760 235 2832 perna
256 2733 485 2807 Hierusalem
510 2757 602 2832 quae
627 2731 665 2804 in
691 2730 803 2805 caelis
828 2744 896 2804 est.
914 2733 960 2804 Et
985 2756 1056 2831 ege
1079 2732 1226 2830 quidem
1250 2757 1346 2805 nunc
1372 2732 1419 2806 ad
1442 2758 1569 2833 regem
1589 2757 1719 2833 perge,

124 2867 214 2964 quid
226 2880 310 2966 pest
327 2892 385 2939 me
406 2878 621 2939 eventurum
641 2865 690 2938 sit
704 2857 895 2963 ignorans,
911 2890 977 2937 ves
995 2878 1118 2939 autem
1139 2865 1257 2963 parati
1273 2877 1390 2938 estete
1406 2864 1489 2939 lreti
1505 2865 1618 2938 lorica
1637 2866 1720 2939 fidei

122 3013 158 3073 et
185 2999 447 3085 consessionis,
475 3012 515 3072 ut
544 2999 576 3071 si
604 2998 750 3098 quando
773 2997 953 3071 consistat
977 2999 1154 3071 adversus
1177 3022 1244 3070 vos
1272 2997 1427 3085 bellum,
1456 2998 1618 3072 hostium
1648 2999 1722 3072 tela

122 3132 259 3206 loricae
271 3146 415 3204 vestrae
432 3124 639 3205 retundant.
656 3134 754 3203 Haec
770 3130 899 3230 loquer
910 3130 1029 3219 vehis,
1045 3156 1112 3203 vos
1124 3143 1310 3230 tamquam
1327 3146 1430 3229 pater
1442 3132 1538 3205 filies
1552 3157 1721 3232 praeme-

123 3290 229 3352 nens,
252 3265 423 3338 mandata
438 3264 573 3338 Christi
596 3263 742 3338 Domini
761 3277 903 3337 servate
924 3276 964 3337 ut
988 3290 1054 3337 ves
1077 3263 1138 3337 ille
1165 3263 1366 3352 custodiat;
1390 3264 1532 3365 diligite
1556 3291 1639 3338 eum
1659 3267 1721 3364 qui

121 3397 228 3471 vehis
255 3398 431 3471 honorem
451 3397 618 3485 eontulit,
639 3397 825 3495 vitamque
848 3396 1012 3496 profudit
1030 3410 1071 3470 ut
1092 3423 1159 3470 sua
1180 3423 1248 3471 nes
1267 3410 1383 3470 morte
1403 3396 1589 3471 liberaret.
1608 3402 1721 3473 Prae·

123 3544 269 3628 ceptum
284 3555 404 3604 meum
425 3510 678 3629 exsequimini,
697 3543 733 3603 et
753 3529 903 3629 vigilate
916 3531 963 3603 ad
977 3530 1227 3630 integritatem
1246 3556 1354 3603 verae
1373 3530 1458 3603 fidei
1478 3531 1719 3618 retinendam,

123 3663 244 3762 quoad
266 3664 443 3736 unitatem
474 3675 644 3737 aeternae
676 3663 858 3736 essentiae
888 3663 956 3735 Dei
981 3663 1156 3736 creatoris
1181 3676 1217 3736 et
1242 3662 1444 3736 trinitatem
1467 3689 1719 3762 personarum,

122 3796 387 3895 proprietatum
411 3795 509 3868 illius
529 3809 773 3883 aeternarum,
797 3795 916 3868 Patris
937 3808 974 3868 et
993 3795 1075 3868 Filii
1097 3810 1133 3869 et
1154 3796 1313 3894 Spiritus
1339 3797 1549 3877 sanctiens
1577 3809 1722 3871 cuncte·

122 3929 210 4001 mini
225 3954 292 4028 pre
311 3929 379 4001 hac
398 3929 469 4001 lide
489 3927 726 4002 acerbissima
740 3954 905 4028 quaeque
926 3955 967 4003 ac
988 3929 1066 4001 dira
1085 3929 1260 4028 perferre,
1281 3954 1460 4004 memores
1481 3931 1719 4030 gravissimae

122 4061 226 4135 Pauli
254 4061 410 4161 apostoli
439 4061 643 4135 sententiae
668 4061 814 4135 fidelem
843 4087 925 4135 esse
955 4087 1161 4135 sermonem
1189 4062 1288 4135 omni
1311 4063 1523 4162 acceptione
1550 4063 1716 4163 dignum.

122 4195 309 4268 Fiduciam
323 4220 467 4294 queque
490 4194 666 4267 hahemus
683 4196 837 4282 firmam,
859 4208 1013 4268 mertem
1033 4194 1064 4268 si
1084 4194 1283 4268 obierimus
1303 4196 1467 4296 prolege
1488 4197 1581 4284 eins,
1602 4197 1717 4296 victu·

122 4354 182 4401 res
205 4352 291 4413 nes3
314 4329 423 4400 imme
443 4340 663 4427 regnaturos
683 4354 765 4400 cum
785 4329 879 4426 ipse,
899 4327 930 4401 si
949 4328 1049 4426 passi
1068 4328 1244 4401 fuerimus
1262 4356 1329 4428 pre
1345 4330 1490 4401 nomine
1507 4329 1599 4404 eins.
1619 4333 1717 4404 Haec

78 4496 83 4507 ¹
120 4459 225 4569 vehis
252 4460 420 4533 mandavi
442 4460 480 4533 id
505 4460 640 4545 sciens,
662 4486 728 4533 ves
752 4461 882 4534 faciem
910 4486 1028 4534 meam
1055 4462 1152 4534 hand
1179 4462 1335 4560 amplius
1361 4462 1506 4536 visuros
1533 4489 1628 4546 esse,
1647 4464 1716 4541 hec

119 4593 217 4667 enirn
236 4592 353 4667 habeo
378 4593 416 4665 in
435 4593 540 4667 vebis
558 4594 744 4668 victimam
766 4593 995 4694 hostiamque
1020 4594 1099 4668 fieri
1125 4622 1190 4694 pro
1215 4596 1350 4695 popule
1370 4598 1452 4670 Dei.
1471 4597 1530 4671 Ad
1559 4598 1627 4671 hec
1652 4624 1715 4672 ro-

120 4725 208 4799 bore
224 4752 281 4799 me
297 4728 417 4799 firmat
431 4740 611 4826 urgetque
631 4727 791 4800 charitas
810 4729 893 4799 lesu
913 4728 1050 4802 Christi
1070 4727 1135 4801 filii
1157 4728 1236 4801 Dei.
1257 4729 1335 4802 Erit
1355 4729 1416 4803 ille
1431 4756 1574 4804 mecum
1592 4756 1634 4804 ac
1651 4757 1718 4803 vo-

120 4859 263 4933 biscum
284 4859 321 4931 in
340 4873 541 4932 aeternum.
564 4860 681 4933 Amen
705 4888 738 4932 r.

195 4995 293 5065 llaec
314 5004 356 5064 ut
378 5019 399 5064 a
422 4992 501 5065 viro
521 5006 648 5066 saneto
670 4993 812 5091 prelata
838 5008 935 5080 srmt,
953 4995 1087 5096 ingens
1107 4996 1152 5068 ah
1177 4997 1360 5069 universis
1383 4998 1503 5097 erupit
1517 4999 1625 5073 lictus
1642 5027 1649 5070 :
1669 5000 1719 5072 la·

119 5125 377 5199 mentabantur
397 5126 637 5199 enimomnes
656 5127 860 5199 discessum
875 5129 1033 5225 pastoris
1047 5129 1336 5228 vigilantissimi,
1353 5132 1468 5229 patris
1490 5133 1647 5232 denique
1665 5134 1719 5205 in-

120 5253 411 5353 dulgentissimi3
430 5255 519 5328 illud
540 5282 627 5328 vere
647 5256 813 5329 acerbior
827 5256 896 5329 luit
912 5256 1069 5357 singulis
1094 5284 1206 5331 causa
1223 5259 1358 5348 luctus,
1376 5261 1473 5359 qued
1496 5261 1649 5336 dixisset
1677 5290 1716 5336 se

120 5414 183 5461 eos
198 5388 355 5487 amplius
371 5414 541 5463 neeesse
556 5389 713 5464 visuros.
734 5392 779 5463 Et
791 5389 852 5464 ille
866 5416 929 5465 ees
941 5391 1066 5481 solari,
1084 5393 1236 5466 sundere
1252 5420 1317 5492 pre
1331 5394 1403 5467 illis
1418 5422 1559 5494 praece,
1575 5397 1715 5469 eunetis

118 5521 335 5595 benedicere
355 5548 506 5596 exorsus
519 5538 609 5611 erat,
624 5549 735 5623 quum
746 5524 866 5599 adhuc
879 5526 999 5600 eranti
1012 5526 1186 5599 adstitere
1201 5527 1336 5600 milites
1351 5529 1457 5627 regii,
1476 5529 1537 5628 qui
1552 5554 1714 5628 eompre-

118 5655 273 5727 hensum
292 5654 500 5729 detulerunt
520 5657 566 5728 ad
590 5661 778 5756 Saporem.
802 5662 879 5733 Rex
898 5659 1045 5759 quidem
1065 5658 1263 5733 honorifice
1283 5661 1426 5758 excepit
1445 5688 1527 5734 eum
1552 5675 1588 5735 et
1608 5690 1714 5738 acce-

31 5815 33 5818 *
119 5787 204 5861 dere
231 5813 273 5860 ac
294 5787 363 5861 sibi
386 5789 546 5863 adlatus
575 5792 702 5865 sedere
731 5792 853 5881 iussit,
871 5819 1027 5893 moxque
1055 5792 1106 5867 sic
1130 5807 1187 5867 est
1216 5794 1423 5868 allocutus:
1449 5827 1465 5863 «
1492 5799 1594 5893 Quae
1626 5798 1714 5871 mihi
