4108 6458
606 457 662 520 DE
685 458 1015 524 PERSECUTIONE
1039 456 1233 524 SAPORlS.
1662 469 1719 528 707

197 646 378 718 Recensio
397 645 568 718 nimirum
590 647 705 721 altera
724 659 848 720 narrat
869 651 909 723 S.
927 648 1135 722 Simeonem
1155 673 1177 720 a
1197 672 1283 747 rege
1302 649 1460 721 accitum
1479 674 1576 738 esse,
1594 663 1634 723 ut
1652 653 1719 724 tri·

120 777 250 851 butum
270 777 406 877 duplex
424 805 446 851 a
464 779 684 853 Christianis
702 780 866 880 exigeret
885 793 922 854 et
940 781 1019 880 regi
1040 782 1200 855 offerret.
1223 781 1317 854 Aliis
1336 782 1459 854 verbis
1481 811 1489 854 :
1518 787 1634 883 Sapor
1657 810 1721 858 rex

119 910 330 985 Simeonem
350 911 461 984 simili
481 912 662 1012 dignitate
683 913 862 987 honorare
882 914 1011 1001 voluit,
1030 940 1101 1014 qua
1117 921 1212 999 uniti
1232 946 1291 999 eis
1312 915 1482 1015 princeps
1503 917 1720 990 ludaeorum

119 1045 216 1118 inter
243 1045 439 1145 populares
467 1071 554 1119 suos
583 1048 619 1118 in
646 1047 795 1121 Perside
821 1048 986 1122 viventes
1011 1047 1191 1147 pollebat,
1217 1073 1369 1148 sperans
1398 1048 1624 1122 exactionem
1653 1052 1721 1123 tri-

119 1177 293 1251 butorum
316 1179 384 1251 hac
406 1178 548 1252 ratione
572 1180 773 1254 faciliorem
796 1181 872 1254 sore
898 1193 1007 1280 atquc
1031 1181 1234 1280 periculum
1258 1180 1470 1255 rebellionis
1491 1182 1721 1256 Christiano·

119 1337 201 1383 rum
221 1312 388 1397 diminui,
407 1312 438 1384 si
458 1338 532 1385 non
551 1313 760 1388 immediate
780 1340 801 1387 a
822 1339 876 1401 se,
897 1315 962 1388 sed
982 1339 1003 1386 a
1021 1314 1231 1413 praeposito
1252 1313 1322 1386 sibi
1343 1315 1516 1415 episcopo
1537 1316 1721 1414 exspolia-

119 1458 260 1518 rentur.
277 1447 355 1518 Hoc
375 1458 497 1519 autem
517 1471 562 1520 ex
577 1447 656 1546 ipsa
674 1446 830 1546 epistola
844 1447 1054 1547 apocrypha
1066 1449 1104 1521 S.
1118 1447 1278 1521 Simeoni
1296 1446 1472 1521 attributa
1487 1448 1719 1523 manifestum

120 1591 195 1665 est;
219 1578 332 1652 verba
352 1579 448 1653 enim
471 1607 478 1650 :
500 1594 704 1675 quapropter
723 1584 913 1654 dominium
935 1584 1142 1676 cotteqarum
1166 1593 1357 1653 nostrorum
1386 1606 1600 1677 nequaquam
1619 1609 1721 1655 assu-

120 1715 258 1799 mimus,
284 1712 364 1786 sine
384 1713 531 1812 praevia
558 1713 626 1786 hac
650 1713 866 1787 invitatione
888 1714 1002 1814 Regis
1024 1714 1071 1787 ad
1092 1713 1232 1787 tributa
1256 1713 1465 1814 colligenda
1491 1694 1721 1815 nequaquam

119 1845 390 1945 intelliguntur.
408 1846 473 1918 His
489 1859 612 1920 autem
626 1846 718 1945 ipsis
732 1846 855 1920 verbis
868 1847 1084 1946 compilator
1099 1847 1318 1920 narrationis
1334 1851 1409 1936 MS¹
1426 1860 1484 1920 sat
1501 1862 1625 1947 aperte
1640 1875 1721 1947 pro·

121 1977 174 2051 dit
195 2004 235 2051 se
256 1979 449 2077 epistolam
469 1979 569 2051 illam
588 1981 712 2079 inepte
732 1980 974 2079 concoquisse
993 1990 1013 2053 'e
1034 1980 1202 2079 longiore
1222 1979 1398 2053 relatione
1417 1994 1570 2054 eventus
1590 1982 1718 2063 totius,

122 2136 230 2211 quem
255 2111 447 2186 arbitraria
473 2113 512 2184 in
541 2112 797 2213 compendium
822 2113 978 2212 redegit.
1002 2112 1103 2185 Idem
1126 2112 1224 2186 valet
1248 2112 1294 2187 de
1322 2112 1445 2186 verbis
1473 2114 1721 2188 adtributum

121 2244 402 2343 pertinentibus.
427 2248 460 2318 A
483 2246 596 2344 priori
623 2246 851 2346 impossibile
875 2258 933 2320 est
957 2245 1187 2320 Christianos
1214 2245 1343 2319 ditioni
1364 2246 1533 2320 Persicae
1553 2246 1720 2320 subditos

123 2378 352 2452 immunitate
379 2405 400 2451 a
422 2378 571 2452 tributis
593 2362 754 2479 unquam
775 2380 924 2479 gavisos
947 2404 1048 2465 esse;
1070 2379 1288 2478 protestatio
1307 2379 1460 2477 proinde
1485 2379 1666 2454 Simeonis
1689 2382 1721 2452 si

125 2511 340 2610 simpliciter
359 2516 399 2585 de
417 2516 553 2585 tributis
573 2514 709 2613 agitur,
732 2526 831 2587 caret
852 2538 977 2597 sensu,
1001 2525 1063 2585 aut
1082 2538 1169 2585 vero
1188 2524 1313 2585 tantae
1336 2512 1515 2585 fatuitatis
1536 2526 1605 2599 est,
1629 2538 1721 2611 quae

124 2644 276 2718 effectus
309 2646 494 2718 actionum
524 2672 606 2719 cum
639 2646 941 2745 praecipitatione
976 2644 1253 2718 commissorum
1286 2670 1441 2744 pensare
1475 2659 1645 2745 nequeat.
1683 2645 1722 2718 Si

124 2778 221 2851 enim
238 2780 275 2851 S.
296 2779 444 2852 Simeon
467 2778 659 2878 epistolam
677 2779 778 2852 illam
798 2804 926 2878 reapse
946 2779 1026 2877 regi
1042 2778 1218 2865 misisset,
1240 2776 1376 2877 dignus
1390 2792 1488 2851 esset
1507 2804 1580 2851 non
1600 2779 1662 2878 qui
1682 2793 1723 2851 ut

126 2925 277 2985 sanctus
301 2913 482 2986 coleretur
504 2911 569 2985 sed
594 2913 654 3012 qui
679 2926 806 3012 utpote
831 2913 940 2985 homo
963 2936 1122 2985 vesanus
1147 2911 1184 2984 in
1207 2892 1348 3016 glum
1375 2911 1412 2983 in
1434 2910 1516 2993 loco
1541 2910 1722 2985 fatuorum

126 3044 380 3119 collocaretur.
399 3046 471 3141 Qui
493 3047 590 3119 euim
612 3046 691 3118 fieri
711 3059 833 3145 potest
851 3058 893 3118 ut
910 3045 979 3132 vir,
994 3044 1095 3118 velut
1115 3046 1154 3118 S.
1178 3043 1339 3139 Simeon,
1357 3044 1420 3143 qui
1440 3043 1598 3117 testibus
1617 3044 1722 3117 Actis

125 3179 288 3252 amicitia
314 3179 413 3279 regis
440 3160 643 3267 frueliatur,
667 3179 892 3278 perpendere
918 3190 1078 3277 nequeat
1103 3203 1141 3251 se
1169 3177 1321 3250 rudibus
1345 3177 1421 3250 suis
1447 3177 1569 3250 verbis
1596 3202 1721 3276 regem

122 3314 348 3401 offensurum
362 3339 444 3387 esse
460 3326 569 3413 atque
583 3312 700 3386 sibiet
712 3312 882 3386 omnibus
899 3311 1120 3385 Christianis
1136 3311 1287 3384 exitium
1302 3312 1539 3410 paraturum?
1551 3312 1722 3384 Ceterum

122 3447 447 3548 ignorantissimus
470 3447 686 3545 compilator
707 3449 782 3534 MSl
801 3471 842 3519 se
865 3446 1030 3545 ineptum
1054 3469 1136 3518 esse
1159 3457 1269 3543 atque
1294 3444 1331 3516 in
1359 3469 1481 3523 rerum
1508 3457 1544 3517 et
1565 3444 1723 3515 circum-

122 3581 340 3655 stantiarum
361 3580 572 3680 cognitione
592 3605 721 3678 parum
740 3591 926 3652 versatum
945 3577 1052 3651 aliter
1071 3602 1216 3676 quoquc
1236 3576 1459 3650 manifestat.

195 3718 238 3786 ln
257 3717 334 3804 MS,
349 3715 446 3788 enim
462 3714 595 3813 triplex
614 3713 782 3786 nuntium
798 3712 898 3811 regis
918 3711 965 3783 ad
980 3710 1189 3784 Praefectos
1204 3714 1271 3783 Bet
1285 3711 1468 3810 Aramaye
1483 3710 1508 3781 i.
1524 3735 1556 3783 e.
1574 3692 1722 3815 viz-„w

124 3848 378 3947 distinguitur.
411 3847 546 3920 Nuntio
573 3846 690 3946 primo
720 3845 900 3919 Praefecti
923 3843 1099 3942 jubentur
1120 3846 1157 3916 S.
1182 3843 1389 3917 Simeonem
1413 3842 1722 3942 comprehendere

122 3996 158 4056 et
177 3980 319 4055 tamdiu
338 3994 477 4069 tenere,
497 3980 614 4054 donec
628 3979 817 4079 promittat
837 4003 876 4051 se
897 3976 1076 4051 tributum
1101 3976 1236 4074 duplex
1258 3978 1352 4076 Regi
1379 3975 1625 4049 exhibiturum
1646 3990 1722 4050 eta

123 4114 343 4191 Christianis
363 4114 616 4188 collecturum.

122 4456 344 4539 opinationem
362 4451 550 4535 improbare
564 4464 697 4512 coactus
713 4451 841 4532 suisset.
855 4447 1014 4513 Nostrum
1030 4450 1141 4529 itaque
1159 4458 1222 4520 est,
1237 4467 1336 4528 quum
1351 4444 1524 4508 laudatam
1537 4446 1721 4530 Epistulam

122 4565 156 4624 in
169 4561 384 4642 Praefatione
399 4558 498 4620 lucius
514 4559 623 4641 opert's
640 4557 820 4640 genuinum
842 4556 959 4618 Sancti
976 4554 1138 4617 Simeonis
1157 4556 1281 4635 foetum
1300 4554 1366 4612 ianr
1388 4552 1719 4635 comprobaverimus,

122 4671 229 4752 ipsam
245 4665 356 4729 itidem
371 4665 413 4727 ab
429 4667 520 4727 omni
529 4683 689 4725 censurae
702 4663 775 4725 labe
791 4661 968 4724 m'ndicare.
987 4687 1001 4717 a

181 4773 277 4836 Ratio
291 4782 411 4845 tamen,
426 4793 489 4855 qua
502 4769 750 4833 vindicationem
768 4769 863 4830 istam
883 4766 1064 4851 ingreditur
1083 4775 1133 4828 sat
1148 4766 1323 4850 singularis
1341 4775 1401 4828 est.
1417 4764 1465 4826 Ex
1478 4765 1582 4827 allatis
1600 4766 1723 4828 scilicet

121 4892 251 4966 patrum
265 4880 403 4963 probare
416 4879 528 4941 nititur
544 4878 578 4939 S.
593 4876 761 4949 Hilarium,
777 4874 1020 4957 Hieronymum,
1032 4873 1253 4955 Augustinum
1269 4872 1402 4935 eandem
1416 4871 1593 4934 doctrinam
1608 4871 1647 4933 de
1662 4873 1722 4933 im-

122 4988 278 5051 munitate
300 4986 464 5048 Ecclesiae
489 4988 561 5046 iure
587 4983 695 5046 divino
718 4982 871 5044 tenuisse.
894 4980 935 5042 At
959 4990 1069 5043 contra
1096 4980 1325 5043 advertendum
1352 4988 1411 5053 est,
1433 4979 1516 5041 hanc
1544 4978 1722 5040 doctrinam

121 5093 252 5158 saeculo
266 5092 307 5157 lV
321 5103 424 5155 ortam
436 5113 520 5168 esse,
536 5089 663 5175 quando
678 5088 823 5151 Ecclesia
835 5087 1036 5171 principibus
1053 5087 1232 5149 fauentibus
1251 5086 1349 5149 variis
1363 5085 1543 5169 privilegiis
1562 5085 1723 5147 cumulata

121 5212 182 5277 est,
200 5209 312 5264 eontra
331 5198 528 5282 antiquiores
547 5196 677 5260 saeculo
697 5194 738 5258 lV
758 5204 868 5278 patres
889 5194 944 5278 qui
964 5194 996 5256 in
1016 5193 1198 5257 conditione
1219 5193 1318 5255 simili
1340 5213 1412 5254 curn
1435 5191 1619 5255 christianis
1643 5191 1722 5253 Per-

121 5309 168 5372 sis
192 5306 413 5377 versabantur,
440 5303 618 5367 doctrinam
648 5302 742 5364 istam
765 5301 972 5385 ignorabant3
1003 5322 1101 5384 porro
1127 5301 1226 5362 uerba
1259 5298 1445 5380 llieronymi
1478 5299 1518 5361 ab
1551 5296 1721 5359 rissemani

121 5415 220 5477 citata
241 5412 409 5474 manifeste
425 5432 488 5473 nen
504 5409 724 5494 quaestionem
743 5411 837 5483 iuris,
855 5407 911 5470 sed
927 5411 1015 5489 sacti
1032 5406 1226 5490 respiciunt3
1243 5405 1322 5468 dicit
1339 5405 1423 5467 enim
1446 5426 1453 5467 :
1474 5404 1564 5488 Ergo
1585 5402 1718 5480 tributa,

121 5522 222 5605 quasi
238 5538 351 5601 regum
368 5519 460 5600 filius
479 5538 545 5579 non
563 5515 709 5593 debebat,
726 5513 787 5578 sed
803 5517 862 5596 qui
878 5513 1095 5576 humilitatem
1110 5516 1222 5574 carnis
1237 5522 1472 5595 assumpserat,
1489 5509 1599 5572 debuit
1613 5508 1721 5570 adim-

117 5631 213 5712 plere
234 5644 361 5688 ornnem
386 5626 544 5687 iustitiam
564 5645 575 5685 .·
595 5643 655 5684 nos
676 5623 835 5703 infelices,
856 5623 914 5704 qui
934 5620 1060 5683 Christi
1081 5639 1254 5681 censemur
1274 5621 1405 5681 nomine
1428 5630 1459 5680 et
1482 5617 1565 5678 nihil
1585 5616 1718 5699 dignum

121 5747 216 5798 tanta
228 5734 374 5816 facimus
389 5734 570 5805 maiestate,
586 5730 644 5791 illc
657 5749 722 5812 pro
738 5728 830 5790 nobis
846 5740 878 5790 et
896 5746 1024 5789 crucem
1044 5725 1178 5788 sustulit
1197 5737 1226 5786 et
1244 5725 1367 5787 tributa
1385 5723 1531 5787 reddidit
1549 5744 1560 5783 :
1582 5742 1643 5784 nos
1654 5742 1721 5804 pro
