4108 6458
393 486 453 543 686
939 471 1183 540 PRAEFATIO
1205 514 1244 522 —
1266 472 1407 540 CAPUT
1429 477 1470 539 ll.

390 670 551 740 dictiones
565 668 587 736 ¹.
612 667 796 759 sanctifico
816 666 956 736 Domine
979 667 1138 736 diadema
1163 667 1313 736 Orientis
1336 678 1368 736 et
1392 669 1437 737 do
1456 668 1489 737 ei
1504 670 1659 759 recipere
1691 669 1871 740 scientiam
1895 684 1972 744 tuan

393 825 517 884 veram,
541 801 630 871 sicut
655 803 765 892 Cyrus
787 800 904 892 implet
933 799 1142 869 voluntatem
1168 811 1275 869 tuam.
1293 800 1468 871 Constitue
1497 801 1637 870 Domine
1663 804 1792 893 Cyrum
1816 804 1882 874 loco
1904 810 1976 899 Cpri

392 936 566 1006 adinstar
587 932 692 1026 Cpri²
722 943 754 1003 et
784 935 933 1004 retribue
958 934 1047 1003 iram
1073 944 1105 1003 et
1134 935 1265 1003 malurn
1294 934 1525 1005 seductoribus
1555 957 1667 1003 eorum
1698 961 1708 1003 :
1734 939 1920 1029 septuplum
1943 940 1973 1007 in

390 1070 471 1139 sinu
494 1090 620 1150 eornm,
638 1068 827 1158 impropria
845 1089 971 1148 eorum,
999 1066 1059 1158 qui
1077 1067 1395 1157 improperaverunt
1423 1068 1485 1137 tibi
1509 1069 1685 1137 Domine³.
1702 1069 1798 1138 Educ
1821 1070 1973 1142 iustitiam

392 1214 485 1272 tuarn
501 1224 564 1293 per
582 1200 752 1270 scintillas
775 1200 868 1290 ipuis
895 1224 912 1268 e
935 1201 1078 1269 naribus
1104 1222 1219 1268 eorum
1241 1200 1470 1269 consumentis
1489 1205 1646 1291 foetorem
1663 1202 1888 1293 piupuedinis
1910 1208 1976 1296 ipae

386 1358 578 1428 percussae.
605 1333 782 1403 Daordeat
805 1355 907 1423 super
932 1356 985 1401 eos
1023 1333 1127 1401 nubes
1159 1332 1340 1402 demittens
1368 1332 1515 1425 sulpbvr
1547 1345 1579 1403 et
1603 1335 1728 1425 ipsam,
1745 1359 1811 1427 pro
1834 1360 1868 1405 eo
1903 1338 1976 1429 quod

391 1468 711 1539 contaminaverunt
729 1475 857 1535 terram
878 1476 910 1534 et
925 1466 1125 1557 polluerunt
1143 1477 1352 1535 creaturam.
1378 1467 1457 1536 Delo
1478 1477 1590 1537 castra
1605 1469 1803 1559 pereprina,
1824 1493 1905 1561 qaae
1927 1493 1975 1539 nos

391 1602 615 1682 circumdant,
636 1610 667 1668 et
686 1610 798 1669 castra
819 1609 878 1668 tua
901 1609 1020 1667 sancta
1045 1609 1195 1667 monstra
1217 1600 1323 1680 nobis,
1350 1601 1501 1681 Domine,
1523 1611 1562 1669 ut
1570 1602 1700 1693 pacifia
1722 1624 1839 1672 eorum
1865 1603 1976 1671 visione

390 1737 485 1805 visus
506 1756 620 1803 eorum
644 1732 759 1823 foedus
790 1757 811 1801 a
843 1735 920 1802 visu
945 1742 1057 1801 nostro
1083 1731 1265 1823 operiatur,
1298 1733 1459 1823 quoniam
1486 1744 1598 1803 costra
1626 1733 1827 1823 anpelorum
1857 1746 1973 1805 tuorum

390 1867 605 1938 circumdant
623 1866 776 1936 timentes
801 1876 830 1934 te
853 1876 885 1934 et
906 1867 1059 1957 eripiunt
1084 1888 1148 1933 cos.
1169 1866 1262 1933 blitte
1289 1867 1384 1934 nobis
1408 1866 1571 1956 anpelum
1595 1868 1852 1959 confirmantem
1875 1891 1930 1936 nos
1945 1869 1973 1936 iu

392 2002 451 2070 boc
476 2010 589 2069 nostro
616 2000 809 2081 certamine,
829 2000 917 2068 sicut
946 1998 1072 2067 misisti
1103 1998 1209 2067 ludae
1236 1999 1463 2067 Macbabaeo*
1485 1999 1569 2091 sorti
1595 2001 1720 2069 virtute
1740 2003 1779 2070 in
1798 2002 1924 2092 proelio
1945 2002 1974 2069 in

391 2133 602 2202 adiutorium
625 2133 820 2213 oivartum
852 2153 935 2222 equo
964 2131 1039 2200 albo
1068 2141 1100 2200 et
1123 2132 1354 2222 praecinctum
1383 2142 1471 2200 veste
1500 2155 1620 2201 avrea.
1642 2132 1759 2202 Videat
1781 2156 1859 2203 eum
1878 2145 1972 2203 turno

391 2267 609 2358 superborum
629 2276 661 2334 et
686 2266 884 2334 conturbata
912 2264 1066 2334 coincidet
1091 2265 1184 2333 velut
1203 2286 1328 2353 apmen
1361 2264 1561 2347 Traditoris,
1585 2265 1672 2357 quod
1693 2266 1770 2335 viso
1793 2267 1903 2357 plocio
1926 2277 1973 2335 tua

391 2399 510 2469 cecidit
533 2399 754 2468 retrorsam5.
777 2398 948 2489 Responde
974 2398 1068 2466 nobis
1091 2408 1236 2488 tempore
1266 2397 1331 2465 isto
1359 2396 1592 2467 tribulationis
1618 2410 1649 2468 et
1673 2401 1838 2492 confirma
1868 2402 1973 2469 virtute

392 2543 452 2601 tua
469 2532 576 2601 debile
597 2554 704 2622 penus
729 2533 839 2600 Hevae
863 2541 895 2599 et
919 2531 1141 2600 concidantur
1163 2532 1201 2598 in
1220 2532 1362 2600 victoria
1384 2541 1499 2601 nostra
1517 2532 1635 2621 plodio
1667 2543 1722 2602 tuo
1745 2532 1974 2603 invisibilitati

391 2665 517 2734 concisi
534 2675 616 2734 sunt
636 2687 744 2733 osores
766 2664 819 2732 tui
839 2665 1036 2733 aseendente
1066 2663 1281 2754 inproelivm
1302 2665 1487 2734 Debbora⁰.
1509 2668 1558 2733 Tu
1582 2665 1718 2756 quidem
1740 2666 1972 2735 maledicebas:

391 2798 545 2867 dicamus
573 2820 633 2866 nos
657 2819 784 2889 quoque
800 2822 811 2866 .·
829 2797 972 2866 maledic
992 2798 1051 2877 eis,
1074 2797 1231 2865 maledic.
1253 2796 1344 2866 Dicit
1368 2797 1511 2887 anpelus
1543 2798 1710 2867 Domini:
1732 2798 1815 2869 eiice
1840 2821 1891 2868 eos
1910 2820 1972 2867 eun

392 2930 626 3000 maledictione
645 2954 690 3000 eso
709 2930 915 2999 haereditate
941 2940 1000 2999 tua
1024 2939 1056 2997 et
1073 2940 1195 3021 surpat
1217 2940 1297 2998 anu
1314 2952 1367 2999 eos
1389 2930 1489 2999 basta
1509 2941 1540 2999 et
1561 2931 1650 2999 acies
1673 2930 1798 3020 pladii,
1826 2954 1922 3023 quam
1942 2930 1971 2995 in

391 3064 537 3133 adventu
554 3074 610 3132 tuo
630 3074 738 3133 mater
750 3075 809 3132 tua
821 3063 1035 3154 pertransire
1051 3064 1130 3155 lecit
1142 3086 1159 3131 e
1173 3086 1275 3132 corne
1294 3063 1414 3132 debilis
1429 3062 1557 3133 Adoe⁷.
1570 3066 1695 3133 Domus
1712 3086 1795 3132 suas
1809 3064 1972 3156 perficiant

331 3268 335 3275 ,
390 3219 467 3266 cum
493 3198 733 3267 lamentatione
752 3199 1057 3287 primopcnitorum
1077 3218 1226 3279 suorum,
1251 3200 1339 3266 sicut
1361 3197 1476 3267 Aebab
1499 3197 1537 3265 iu
1559 3196 1699 3265 Abiram
1721 3207 1753 3265 et
1762 3208 1879 3288 portas
1905 3215 1971 3263 suas

390 3330 526 3421 eripant
540 3353 616 3400 cum
628 3329 801 3399 evulsione
814 3331 963 3399 crinium
983 3351 1121 3399 suorum
1138 3330 1177 3399 ob
1190 3330 1391 3399 novissimos
1407 3353 1496 3411 suos,
1514 3330 1604 3399 sicut
1618 3330 1714 3423 filius
1735 3330 1844 3399 ‘Amri
1852 3338 1972 3421 propter

391 3464 542 3533 Salsub⁸.
570 3464 782 3552 Doapinetur
801 3463 941 3552 pladius
974 3472 1051 3531 tuus
1079 3463 1169 3532 velut
1191 3464 1314 3553 sulpur
1334 3474 1365 3532 et
1394 3463 1571 3553 confodiat
1597 3463 1852 3555 bppocbondria
1878 3460 1971 3531 cordis

390 3620 506 3666 earnem
526 3607 689 3688 evocatque
706 3596 879 3688 pinpuedo
904 3619 949 3663 ea
968 3596 1140 3666 intestinis
1164 3619 1289 3673 earum,
1310 3569 1399 3688 pirae
1420 3595 1660 3665 intumuerunt
1678 3606 1710 3663 et
1737 3595 1882 3665 dilatato
1905 3600 1971 3661 sunt

391 3730 534 3821 dapibus
553 3730 756 3822 requisitis!
768 3731 877 3798 Hasta
896 3739 956 3797 tua
974 3728 1211 3819 disrumpatur
1230 3740 1349 3798 venter
1368 3752 1482 3798 eorum
1500 3729 1625 3820 plenus
1649 3728 1881 3807 immun-ditia,
1899 3727 1972 3795 sieut

391 3863 507 3954 attipit
531 3864 629 3931 basta
657 3863 805 3931 Pincbas
831 3861 1034 3953 fornicarios
1062 3863 1192 3931 similes
1219 3862 1330 3932 illis⁰.
1356 3863 1460 3931 Fiant
1492 3862 1659 3931 cadavera
1685 3861 1818 3952 sripida
1839 3883 1900 3953 per
1923 3880 1971 3925 so·

390 3998 494 4087 pittos
511 4007 586 4065 tuus
598 3996 637 4077 ¹⁰,
661 3997 749 4065 sicut
762 3995 934 4088 myriades
954 3995 1138 4065 Sancberib
1153 4018 1216 4086 per
1236 3995 1375 4086 ampelos
1391 3997 1485 4064 tuos!
1499 3995 1638 4064 lncbrio
1652 3995 1798 4085 sapittos
1814 4005 1887 4063 tuas
1906 4011 1972 4061 san·

452 4266 533 4329 ⁴Ps.
552 4288 615 4341 crx,
635 4271 683 4328 17.

450 4374 601 4436 ²Sensus
620 4382 669 4434 est
692 4395 699 4433 ε
726 4371 892 4435 Constitue
912 4373 1005 4435 nobis
1030 4392 1140 4456 regern
1162 4370 1258 4433 talem
1280 4370 1364 4433 sieut
1385 4369 1491 4452 Cyrus
1513 4379 1583 4433 erat
1604 4370 1660 4454 qui
1683 4370 1877 4434 voluntatens
1896 4378 1970 4431 tuan

389 4480 534 4562 implevit
547 4478 683 4541 reddens
696 4478 815 4563 populo
830 4478 930 4542 electo
944 4479 1124 4541 libertatem
1140 4487 1171 4540 et
1182 4476 1294 4560 templi
1308 4476 1405 4539 diruti
1422 4476 1714 4540 reaedificationem
1729 4477 1916 4541 concedens.

453 4585 536 4647 ³PS.
554 4608 661 4660 uranx,
683 4591 729 4646 12.

452 4692 464 4729 ⁴
479 4691 506 4753 ll
519 4692 625 4754 Maeli.
643 4714 674 4766 x,
689 4698 739 4756 29.

452 4797 701 4874 tloh.xv1n,b.
739 4790 744 4799 ¹

454 4904 549 4966 “lud
565 4928 608 4966 ιν.

450 5011 554 5073 ⁷Lue,
577 5035 612 5087 u,
632 5019 681 5077 35.
698 5011 881 5094 Applicatio
903 5010 991 5072 citati
1018 5010 1113 5071 huius
1137 5009 1199 5071 loci
1223 5029 1406 5091 supponere
1426 5008 1555 5071 videtur
1571 5008 1742 5071 lectionem
1762 5004 1914 5069 versionis
1926 5020 1971 5081 sy·

389 5118 493 5180 riacae
515 5129 660 5203 repertae
678 5120 710 5180 in
730 5117 926 5180 monasterio
943 5116 976 5179 S.
999 5115 1191 5179 Catharinae
1209 5138 1215 5177 :
1232 5140 1335 5185 auam
1353 5140 1366 5171 «
1394 5116 1590 5198 pertransire
1612 5114 1709 5177 iacies
1730 5140 1757 5189 u,
1776 5112 1859 5198 quod
1876 5116 1972 5173 auctor

389 5244 426 5285 eo
442 5245 539 5287 sensu
553 5236 588 5288 ut
606 5252 618 5281 o
634 5225 769 5287 educere
786 5223 884 5286 laeies
904 5250 916 5278 v
935 5221 1103 5283 intellexit.

450 5332 462 5368 ⁸
478 5330 519 5393 Ill
539 5332 620 5418 Reg.
640 5354 705 5405 xia,
728 5335 777 5393 34.
798 5329 939 5392 Dubium
962 5338 1068 5390 manet
1085 5328 1169 5389 unde
1187 5329 1362 5411 sumpserit
1379 5339 1491 5392 auctor
1509 5330 1719 5392 assertionem
1739 5336 1862 5409 patrem
1877 5317 1970 5387 Sakub

388 5433 487 5498 ‘Amri
503 5438 603 5501 filium
625 5439 734 5511 luisse,
752 5435 963 5520 probabiliter
982 5434 1092 5497 Achab
1112 5435 1238 5497 eunden
1259 5455 1330 5499 esse
1352 5457 1425 5499 curn
1445 5457 1523 5522 rege
1545 5436 1645 5520 impio
1667 5433 1780 5497 nahah
1800 5429 1894 5496 ‘Anni
1915 5423 1969 5488 filio

389 5544 513 5626 putavit
527 5555 561 5607 ut
575 5544 656 5629 legit
669 5544 802 5621 Pasitta.

450 5651 462 5688 ⁹
477 5650 572 5713 Nurn.
587 5673 660 5727 xxv,
677 5656 696 5713 8
711 5671 761 5732 sq.

451 5756 477 5795 ⁸⁰
493 5757 547 5821 sie
561 5756 642 5842 legit
661 5756 762 5821 codex
777 5757 858 5820 alter
872 5757 956 5840 apud
977 5753 1112 5838 Bedjan,
1128 5777 1182 5839 op.
1199 5760 1266 5833 eit,
1284 5778 1316 5840 p.
1334 5762 1383 5832 63,
1401 5778 1432 5819 11.
1453 5763 1480 5820 1.
