4120 6458
328 504 385 560 515
868 488 1112 555 PRAEFATIO
1135 528 1174 536 —
1196 488 1338 554 CAPUT
1360 491 1384 552 Ι.

327 691 358 749 et
377 682 590 771 impeperunt
614 680 651 747 in
675 677 830 746 invicem.
863 675 1029 744 Tenebrae
1052 674 1155 742 etiam
1180 674 1276 742 nisae
1303 683 1384 741 sunt
1410 682 1448 740 ut
1471 672 1690 741 ascenderent
1714 683 1744 742 et
1769 674 1925 743 commis-

327 823 482 882 cerentur
509 834 585 881 erem
612 811 700 893 illis,
734 819 805 879 tvm
832 818 1010 899 coeperunt
1033 808 1126 876 entia
1150 829 1243 898 pura
1269 816 1426 875 aestuare
1448 816 1480 874 et
1497 778 1616 897 supere
1641 828 1754 875 coram
1784 807 1924 875 tenebris

326 957 358 1015 et
386 946 628 1014 invocaverunt
653 941 904 1014 misericordias
929 940 1100 1010 Altissimi
1120 949 1156 1008 ut
1176 940 1334 1009 liberaret
1357 962 1396 1008 ea
1416 963 1438 1008 a
1457 939 1565 1009 colore
1584 940 1730 1030 nefando
1754 962 1841 1031 quae
1859 962 1925 1009 sese

329 1080 465 1148 miscuit
483 1078 573 1161 illis,
597 1077 768 1147 sciliceta
790 1075 948 1144 tenebris.

405 1215 497 1281 Tunc
520 1211 569 1280 ad
590 1233 700 1279 vocem
727 1207 893 1278 tumultus
917 1207 1020 1276 binius
1043 1206 1212 1276 descendit
1240 1206 1380 1275 l'erbnm
1404 1207 1620 1297 cogitationis
1642 1207 1817 1276 Altissimi
1841 1207 1925 1299 qvod

327 1356 378 1414 est
402 1345 568 1425 Christus,
593 1354 623 1412 et
638 1342 825 1434 praescidit
849 1341 1001 1411 tenebras
1026 1341 1107 1410 illas
1125 1363 1143 1410 e
1163 1340 1271 1409 medio
1294 1340 1424 1409 entiicm
1445 1340 1664 1420 mundorum,
1689 1350 1721 1408 et
1741 1337 1921 1434 (merebroc)

327 1478 492 1570 eapulsae
515 1487 595 1546 sunt
618 1491 652 1545 el
675 1476 866 1545 ceciderunt
889 1476 926 1543 in
946 1474 1157 1566 profundum
1181 1484 1327 1543 naturae
1351 1473 1507 1542 illarum.
1534 1476 1577 1542 Ει
1601 1496 1647 1542 ecc
1669 1474 1734 1542 illa
1758 1476 1925 1543 commin-

329 1613 418 1679 tione
435 1612 565 1681 entium
586 1619 617 1678 et
633 1610 847 1678 tenebrarum
865 1608 1040 1677 constituit
1055 1607 1218 1676 mundum
1235 1607 1348 1689 illum,
1372 1616 1404 1675 et
1422 1609 1543 1676 statuit
1563 1617 1600 1675 ut
1620 1629 1687 1675 non
1706 1618 1790 1677 esset
1805 1607 1923 1675 iterum

327 1745 401 1814 alia
424 1744 621 1813 cominiouo
642 1742 779 1813 illorum
804 1742 862 1811 sed
880 1741 1032 1833 quodque
1052 1740 1210 1810 miscetur
1230 1741 1298 1809 tale
1321 1740 1422 1831 quale
1440 1749 1503 1822 est,
1523 1741 1746 1834 purificatum
1769 1750 1801 1808 et
1825 1763 1925 1808 mun-

327 1878 446 1946 datum
467 1877 502 1945 in
524 1887 710 1967 unapartu
729 1875 814 1943 etin
836 1897 907 1943 una
924 1876 1142 1964 qeneratione
1160 1872 1328 1964 usquead
1345 1873 1459 1966 finem.

401 2010 453 2078 Ad
473 2009 554 2078 bace
572 2008 810 2100 respondemus
830 2006 966 2077 multa:

406 2203 439 2275 1.
469 2205 561 2275 Unde
584 2204 731 2273 ostendis
754 2227 806 2273 res
830 2226 899 2273 esse
922 2205 1010 2272 sicut
1035 2213 1070 2270 tu
1094 2203 1196 2282 dicis,
1220 2211 1383 2271 enatura
1406 2203 1494 2271 vele
1519 2202 1604 2272 libro
1622 2202 1760 2294 antiqui
1778 2202 1831 2271 vel
1851 2203 1927 2271 novi

331 2336 562 2430 (uelamenti).

404 2532 439 2602 2.
457 2537 601 2625 Moqses,
616 2534 799 2624 prophelae
819 2543 850 2601 et
867 2533 1018 2624 Apostoli
1038 2555 1104 2600 non
1119 2533 1208 2601 sicvt
1228 2543 1263 2600 tn
1285 2532 1388 2602 locuti
1405 2543 1497 2616 sunt,
1523 2533 1581 2601 secl
1598 2534 1737 2602 Messias
1756 2534 1867 2601 veniet
1891 2533 1926 2600 in

330 2667 399 2759 fine
423 2677 609 2758 temporum
635 2678 666 2735 et
686 2665 860 2736 renovabit
879 2666 1081 2735 creationem
1102 2676 1249 2734 creatam
1269 2689 1291 2734 a
1310 2668 1375 2734 Dea
1398 2689 1461 2733 ser
1479 2666 1596 2735 diebus
1620 2676 1651 2734 et
1669 2665 1817 2736 salvabit
1836 2665 1927 2734 Ada-

334 2823 425 2868 nerem
445 2801 505 2892 qni
518 2800 671 2891 peccavit
690 2811 720 2869 et
741 2801 857 2890 lapsus
876 2809 935 2868 est.

406 2994 440 3065 3.
459 2998 615 3065 Dicemus
634 2995 745 3064 adbuc
761 2996 839 3065 :vel
854 2997 941 3064 Deus
956 2995 1137 3085 praenovit
1152 2994 1240 3063 banc
1254 2995 1529 3064 catomis-tionem
1544 2997 1673 3064 cittium
1694 3017 1769 3063 cum
1791 2994 1925 3074 mundo,

333 3129 423 3197 unde
441 3129 556 3197 omnia
577 3129 670 3197 mala
684 3129 903 3220 proveniunt,
927 3128 1008 3196 etsi
1022 3130 1213 3220 praenovit,
1234 3151 1295 3196 cur
1312 3130 1400 3197 Deus
1420 3150 1487 3196 nov
1505 3128 1584 3218 fecit
1599 3128 1762 3197 mnndum
1777 3152 1823 3197 er
1832 3128 1931 3219 puris

333 3262 465 3332 entibus
484 3273 666 3353 antequam
686 3262 759 3331 illis
778 3263 1050 3331 commisceretur
1069 3257 1227 3330 malum?
1245 3272 1276 3330 et
1294 3262 1326 3330 si
1333 3262 1515 3352 praenovit
1526 3272 1557 3330 et
1571 3284 1635 3329 non
1646 3264 1759 3352 potvit
1772 3262 1932 3353 impedire

333 3395 606 3465 commistionem
628 3397 842 3464 tenebrarum
862 3395 1054 3485 comparis
1073 3396 1220 3477 centibus,
1246 3397 1317 3464 iam
1341 3395 1461 3464 debilis
1484 3404 1532 3463 est
1554 3398 1642 3464 Deus
1665 3404 1696 3463 et
1722 3416 1789 3463 non
1809 3395 1932 3486 poterit

335 3528 501 3597 mucidare
519 3528 612 3597 entia
627 3551 720 3619 pura
738 3551 760 3596 a
780 3527 934 3608 tenebris,
960 3529 1019 3618 qui
1039 3551 1106 3595 non
1128 3527 1278 3618 potnerit
1302 3525 1465 3617 impedire
1483 3527 1757 3596 commistionem
1778 3528 1931 3596 tenebra-

334 3684 412 3729 rum
427 3684 502 3730 cum
524 3662 576 3729 ln's
595 3662 739 3729 entibus.
766 3659 821 3729 Vel
836 3662 923 3728 Deus
944 3683 1009 3728 non
1021 3661 1202 3751 praenovit
1220 3671 1252 3729 et
1271 3660 1445 3730 invenitur
1464 3660 1659 3751 imprudens
1678 3671 1709 3729 et
1729 3660 1929 3749 iqnorans¹.

409 3872 444 3942 4.
467 3875 622 3943 Dicemus
642 3874 754 3943 adbuc
772 3874 934 3942 adversere
956 3873 1019 3943 illa
1038 3874 1130 3943 entia
1152 3900 1162 3942 :
1184 3875 1235 3943 vel
1254 3896 1274 3941 a
1295 3874 1437 3965 propria
1461 3875 1636 3943 voluntate
1658 3873 1933 3942 desideraverunt

338 4019 373 4076 ιιι
402 4007 707 4089 commiscerentur,
732 4007 782 4075 vel
811 4009 918 4076 coacti
939 4008 1081 4075 suntab
1106 4007 1189 4076 aliis
1217 4007 1360 4076 entibus.
1385 4008 1424 4076 Si
1449 4031 1470 4075 a
1493 4006 1636 4099 propria
1659 4006 1848 4089 uoluntate,
1874 4030 1935 4075 cur

336 4146 559 4232 ronsaqerunt
579 4140 616 4208 in
635 4141 744 4209 altum
759 4152 796 4209 ut
818 4163 852 4208 se
873 4140 1055 4210 liberarent
1074 4164 1095 4209 a
1116 4137 1287 4209 tenebris?
1305 4141 1337 4209 si
1359 4164 1381 4209 a
1396 4143 1549 4231 potentia
1568 4140 1728 4222 aliorum,
1753 4140 1827 4209 dico
1841 4139 1933 4209 entia

338 4274 515 4343 violentiae
539 4297 606 4342 oron
625 4274 759 4355 subiici,
781 4284 811 4342 et
830 4274 861 4341 si
886 4297 908 4342 a
927 4297 1019 4355 casu,
1044 4296 1104 4341 nee
1129 4297 1209 4342 casu
1235 4274 1370 4343 subiici.
1397 4277 1440 4343 Ει
1463 4275 1495 4342 si
1512 4275 1677 4343 Dominus
1702 4274 1841 4343 illorum
1862 4284 1933 4342 erat

339 4411 374 4477 in
393 4408 473 4489 alto,
498 4406 648 4488 uldini,
672 4417 767 4498 patet
793 4407 893 4476 illum
919 4408 1093 4476 miscuisse
1118 4407 1183 4476 illa
1209 4407 1313 4489 entia,
1343 4431 1409 4476 non
1432 4417 1618 4498 potuerunt
1636 4408 1725 4476 enim
1748 4406 1823 4489 illa,
1847 4408 1934 4475 sient

336 4543 427 4610 servi
451 4540 690 4624 inobedientes,
715 4540 905 4633 relinquere
928 4541 1098 4631 reqionem
1123 4564 1221 4609 suam
1246 4552 1277 4608 et
1304 4541 1375 4609 loca
1403 4563 1467 4609 sua
1486 4552 1624 4632 praeter
1642 4541 1848 4610 voluntatem
1869 4542 1933 4608 Do-

339 4673 427 4743 mini
444 4674 510 4755 sni,
531 4683 614 4742 etse
633 4696 763 4744 nrmrere
782 4686 813 4743 et
832 4675 1020 4766 impinqere
1045 4675 1080 4742 in
1104 4674 1245 4743 inuicem
1258 4674 1285 4742 ².

413 4867 447 4935 5.
474 4868 630 4937 Dicemus
653 4869 764 4938 adbuc
788 4869 931 4939 stultum
955 4891 1024 4937 esse
1047 4867 1276 4937 Bnrclesanem
1307 4869 1367 4960 qui
1392 4869 1474 4938 dicit
1497 4871 1603 4938 Deum
1628 4891 1697 4936 csse
1722 4878 1753 4936 et
1778 4870 1933 4938 commis-

339 5000 408 5069 ceri
426 5024 501 5069 cum
522 5004 692 5093 corpore³.
779 5060 782 5066 ,

402 5201 410 5239 ⁴
428 5202 478 5264 Ad
493 5202 571 5266 haee
591 5202 763 5286 respondet
783 5203 982 5267 Bardesanes
999 5204 1091 5283 (inire
1107 5202 1167 5265 col.
1185 5206 1330 5281 608-611)
1350 5224 1357 5264 :
1375 5228 1389 5259 ι
1409 5202 1496 5266 Nihil
1516 5204 1668 5266 resistere
1683 5210 1791 5286 potest
1810 5211 1935 5265 sanotae

341 5316 372 5370 et
386 5311 507 5391 potenti
522 5309 676 5372 voluntati
694 5310 857 5373 divinae„
880 5311 998 5373 Susfert
1013 5310 1131 5372 malum
1147 5309 1271 5372 modico
1287 5319 1430 5393 tempore
1450 5311 1525 5393 quis
1540 5310 1644 5373 bonus
1661 5318 1711 5372 est
1727 5317 1759 5372 et
1779 5310 1856 5373 sinit
1869 5328 1934 5372 om-

341 5436 398 5477 nes
413 5425 545 5479 naturas
560 5438 747 5500 permanere
763 5418 796 5481 in
811 5438 869 5480 sus
883 5417 1024 5480 essentia
1038 5427 1070 5479 et
1084 5416 1157 5479 duci
1173 5416 1348 5480 seeundum
1364 5438 1455 5480 sunm
1469 5416 1703 5480 voluntatem...
1724 5443 1737 5473 n

402 5524 414 5559 ²
428 5522 606 5606 Respondit
621 5524 821 5587 Bardessnes
836 5523 984 5587 tenebras
1000 5523 1183 5586 desiderare
1199 5524 1457 5586 commixtionem
1473 5523 1730 5607 repugnantibus
1743 5523 1828 5587 aliis.

402 5628 512 5692 ³lllud
528 5651 590 5693 non
610 5630 730 5716 legitur
749 5631 780 5691 in
796 5630 940 5693 doctrina
961 5628 1154 5692 Bardesanis
1174 5631 1320 5715 cognita,
1337 5650 1412 5693 nam
1432 5629 1517 5692 alind
1538 5638 1587 5693 est
1607 5633 1818 5692 coexistentia
1835 5629 1894 5692 Dei
1907 5636 1936 5690 el

341 5755 511 5818 corporum
527 5745 559 5799 et
572 5737 657 5799 aliud
671 5740 856 5799 comminiv
872 5737 930 5800 Dei
946 5745 979 5798 et
997 5756 1179 5819 corporum.
