4108 6458
285 498 342 560 DE
364 495 637 561 ARGUMENTO
660 497 715 560 ET
736 496 890 563 blUTUA
911 497 1158 562 RELATIONE
1181 496 1499 563 RECENSIONUM.
1631 501 1689 560 685

84 684 192 758 bunc
218 684 373 759 alterum
398 709 589 784 perperam
619 684 783 759 conludit
802 711 884 757 eum
909 686 1091 759 rhetorica
1117 685 1386 758 introductione
1411 688 1489 773 MS,
1509 686 1554 757 de
1575 686 1693 785 gloria

83 818 422 903 Macbabaeorum3
439 818 528 890 baec
542 817 639 890 enim
652 817 875 891 introductio
891 844 977 917 pars
997 817 1190 917 integralis
1204 818 1383 891 esttotius
1398 818 1564 917 Martyrii
1579 821 1615 891 S.
1634 817 1693 891 Si-

79 951 250 1037 meonis,
269 951 366 1049 quod
389 950 460 1023 iam
485 949 615 1023 exinde
635 949 763 1049 liquet,
782 950 880 1048 quod
901 964 1029 1024 auctor
1049 951 1194 1049 incepta
1212 962 1316 1049 parte
1334 950 1507 1024 historica
1528 952 1693 1050 Martyrii

79 1097 176 1182 post
190 1084 305 1156 verba
326 1111 344 1154 a
366 1108 458 1155 anno
481 1084 548 1155 {17
567 1087 667 1177 regni
689 1089 872 1155 Persarum
898 1112 915 1154 a
938 1096 1024 1167 ete,
1049 1083 1095 1156 ad
1115 1084 1300 1156 Simonem
1318 1084 1580 1156 Machabaeum
1599 1084 1694 1157 redit

80 1241 251 1315 eumque
267 1216 387 1290 denuo
403 1241 484 1288 cum
502 1210 671 1288 Simeone
690 1214 757 1288 bar
778 1215 935 1288 Sabba‘e
956 1229 1153 1314 comparat.

165 1348 399 1422 Vocabulum
423 1355 492 1417 sit»
521 1376 539 1419 a
564 1347 763 1433 distinctio,
790 1348 970 1446 expositio
999 1376 1017 1418 a
1045 1348 1082 1419 in
1107 1348 1344 1447 inscriptione
1368 1349 1490 1449 operis
1512 1348 1694 1448 duplicem

80 1482 257 1555 admittit
278 1506 427 1556 sensum
452 1493 541 1554 :aut
562 1480 733 1580 designat
752 1481 911 1579 aliquam
930 1484 1175 1575 repositionem
1197 1480 1403 1580 generalem
1426 1483 1470 1555 de
1493 1481 1621 1579 poenis
1643 1485 1694 1553 di·

79 1619 200 1688 cersis
221 1614 499 1712 tormentisque,
518 1638 611 1712 quac
631 1627 811 1713 martyres
827 1612 1031 1701 subierunt,
1050 1626 1114 1686 aut
1131 1613 1176 1686 de
1197 1614 1420 1712 martyribus
1439 1618 1581 1687 dicertis
1599 1616 1690 1713 agit,

81 1749 152 1847 qui
175 1774 222 1821 ea
241 1748 406 1847 perpessi
427 1758 524 1820 sunt.
544 1751 585 1819 ln
605 1772 692 1819 casu
711 1747 829 1845 primo
849 1746 942 1819 alius
965 1771 1085 1820 sermo
1105 1771 1126 1818 a
1146 1746 1263 1845 primo
1282 1747 1507 1846 panegyrico
1528 1747 1693 1820 diversus

81 1882 122 1953 in
141 1880 365 1954 collectione
386 1880 466 1978 ipsa
493 1881 649 1953 existere
673 1879 836 1962 deberet,
855 1880 953 1977 quod
974 1880 1027 1952 uti
1048 1879 1240 1978 probatum
1264 1893 1321 1952 cst
1336 1905 1408 1952 non
1423 1880 1557 1966 evenit,
1579 1892 1694 1952 restat

82 2014 210 2114 igitur
230 2027 271 2086 ut
289 2012 506 2086 vocabulum
519 2020 588 2081 ..tto
603 2013 639 2083 in
659 2038 771 2085 sensu
790 2012 906 2085 altero
927 2012 1140 2111 accipiatur,
1161 2013 1199 2084 in
1219 2038 1291 2110 quo
1312 2036 1413 2099 casu,
1430 2025 1527 2092 tiss-se
1547 2041 1565 2084 a
1586 2038 1693 2086 sermo

79 2149 274 2231 secundus,
296 2149 470 2219 distinctio
493 2173 511 2215 a
531 2145 588 2217 vel
606 2146 729 2243 potius
754 2149 920 2240 copositio
940 2158 1181 2218 tormentorum
1204 2158 1318 2218 totam
1339 2157 1480 2244 partem
1500 2145 1694 2243 specialem

52 2275 59 2287 ’
80 2280 218 2378 operis
237 2278 421 2378 designat,
439 2303 532 2377 qnae
552 2277 597 2350 dc
613 2278 771 2376 singulis
792 2278 979 2376 martyriis
999 2278 1090 2376 agit,
1108 2290 1216 2376 prout
1232 2277 1342 2351 etiam
1357 2278 1394 2350 in
1409 2277 1557 2377 epilogo
1572 2279 1694 2376 operis

80 2424 224 2485 auctor
245 2437 285 2483 se
312 2412 349 2483 in
374 2411 491 2509 primo
507 2436 674 2484 sermone
693 2414 835 2508 effipiam
855 2425 1098 2505 praestantem,
1119 2436 1281 2505 maynam
1304 2414 1492 2496 uictoriam,
1521 2414 1692 2484 solertiam

78 2547 281 2639 gloriosam
315 2557 515 2642 martyrum
549 2544 813 2643 conscripsisse
845 2544 934 2616 dicit
967 2555 1004 2616 et
1039 2543 1124 2617 dein
1160 2568 1345 2616 sermonem
1375 2570 1476 2617 sunm
1506 2548 1551 2615 ad
1581 2570 1694 2616 omnes

81 2682 153 2752 SS.
174 2683 344 2772 Martyres
360 2680 507 2751 Orientis
524 2702 563 2749 se
582 2680 774 2749 cmmodisse
789 2691 988 2750 asseverat.

165 2943 204 3014 6.
230 2942 348 3041 lgitur
366 2942 703 3042 probabilissimum
722 2956 779 3015 est
794 2967 1000 3016 sermonem
1016 2942 1282 3042 panegyricum
1297 2942 1335 3015 in
1350 2943 1477 3015 laudes
1494 2956 1694 3040 martyrum

79 3089 237 3175 partem
258 3074 559 3149 introductoriam
583 3075 810 3149 collectionis
834 3075 963 3160 fuisse,
980 3075 1068 3148 licet
1087 3100 1146 3147 res
1173 3087 1272 3149 certa
1292 3099 1366 3148 non
1386 3076 1446 3161 sit,
1466 3101 1547 3147 cnm
1569 3075 1695 3147 inscri-

78 3210 170 3309 ptio
195 3206 360 3280 eiusdem
386 3206 481 3280 desit
505 3221 541 3280 et
562 3208 931 3305 omniaargumenta,
950 3209 1096 3306 quaein
1120 3207 1282 3281 favorem
1302 3207 1566 3307 suppositionis
1587 3208 1694 3280 istius

78 3340 217 3415 alierri
238 3353 450 3438 possuntcx
469 3339 615 3413 indiciis
636 3340 789 3412 internis
809 3340 1002 3438 desumpta
1023 3340 1109 3413 sint.
1129 3340 1271 3436 Quodsi
1296 3354 1418 3413 antem
1437 3339 1613 3440 prologus
1634 3339 1695 3414 ille

80 3476 132 3548 ab
151 3486 307 3547 auctore
321 3473 436 3546 totius
457 3473 685 3546 collectionis
705 3473 864 3572 scriptus
881 3486 950 3558 est,
970 3474 1119 3546 omnino
1138 3472 1315 3572 probatur
1327 3486 1513 3546 auctorem
1531 3473 1695 3546 eiusdem

78 3634 165 3682 non
187 3630 272 3679 esse
295 3605 515 3678 Marutham.
535 3606 716 3706 Prologus
736 3592 833 3677 enim
853 3606 1080 3679 collectionis
1097 3606 1225 3679 intima
1245 3605 1500 3705 compassione
1521 3619 1557 3679 et
1574 3605 1696 3679 vivida

78 3738 257 3814 dictione
275 3749 408 3811 testem
427 3738 613 3813 oculatum
633 3764 754 3812 rerum
774 3752 963 3837 gestarum
982 3738 1104 3837 prodit
1121 3743 1145 3810 ¹.
1168 3738 1292 3814 Verba
1312 3739 1456 3839 prologi
1477 3738 1611 3838 ubique
1630 3740 1695 3812 tri·

80 3872 236 3947 stitiam
258 3870 505 3969 desperationi
529 3871 731 3970 proximam
755 3871 935 3975 redolent,
954 3884 1081 3945 auctor
1100 3897 1221 3945 amare
1247 3871 1412 3970 deplorat
1431 3872 1695 3945 desolationem

80 4003 358 4080 ecclesiarum²
391 4016 428 4076 et
456 4004 745 4091 consolationes,
783 4030 874 4102 quas
907 4030 952 4077 ex
986 4008 1023 4078 S.
1058 4005 1246 4103 Scriptura
1271 4005 1472 4091 desumit³,
1504 4030 1550 4078 ne
1585 4004 1695 4079 unico

80 4137 245 4239 quidem
278 4136 391 4209 verbo
427 4163 530 4235 spem
565 4138 725 4236 aliquam
761 4137 975 4210 mutationis
1008 4137 1128 4209 tristis
1160 4137 1336 4210 ecclesiae
1366 4151 1485 4211 status
1518 4137 1693 4211 indicant.

81 4269 248 4346 Maximi
267 4271 440 4342 momenti
456 4284 512 4343 est
529 4296 615 4369 pars
631 4271 693 4342 illa
712 4270 872 4370 prologi,
895 4270 958 4343 nbi
978 4284 1106 4344 auctor
1121 4270 1207 4343 dum
1227 4270 1380 4343 iniurias
1400 4271 1582 4369 recogitat
1594 4298 1695 4369 prae·

81 4416 287 4503 ceptorum
312 4402 475 4475 caritatis
497 4429 587 4503 erga
609 4404 777 4477 inimicos
799 4404 936 4478 oblitus
956 4404 1057 4476 diras
1083 4404 1359 4477 maledictiones
1381 4405 1417 4477 in
1440 4417 1697 4502 persecutores

80 4535 289 4613 effundit⁴.

172 4700 190 4734 «
220 4673 264 4740 Et
280 4694 372 4741 nunc
390 4673 531 4742 Domine
555 4673 686 4743 custodi
704 4696 764 4743 aas
782 4697 803 4743 a
823 4675 945 4743 castris
969 4697 1094 4743 canum
1114 4674 1367 4744 immundorum
1387 4678 1593 4766 sanquinem
1613 4675 1698 4744 larn-

81 4805 260 4885 bentium,
280 4804 341 4897 qui
361 4828 421 4875 nos
444 4808 669 4876 circumdant.
693 4809 744 4876 lla
770 4810 808 4877 io
834 4829 869 4874 as
897 4816 1050 4876 nostrum
1069 4806 1165 4876 modo
1188 4807 1440 4877 nraicdictianes
1465 4808 1697 4899 incorporatos

80 4949 218 5012 contra
240 4961 304 5021 cos,
322 4962 404 5008 nom
431 4939 553 5031 linqua
580 4950 695 5008 nostra
717 4939 1001 5009 benedictionibus
1021 4949 1157 5009 assueta
1186 4951 1246 5010 cst.
1264 4942 1429 5010 Protendo
1453 4940 1546 5010 lobia
1565 4952 1692 5023 nostro,

82 5084 127 5143 ut
149 5072 378 5141 incurventur
401 5082 433 5141 et
458 5072 690 5141 enterrdontur
713 5083 744 5141 et
766 5072 911 5164 sagittas
931 5074 1175 5164 peremptorias
1201 5074 1237 5141 in
1263 5097 1316 5142 eos
1344 5074 1436 5143 velut
1456 5074 1614 5165 pluriam
1639 5074 1697 5142 de-

83 5205 248 5286 mittant,
267 5204 349 5295 quia
375 5206 568 5275 nescierunt
587 5207 776 5297 benefacere
798 5217 830 5275 ct
848 5204 1046 5275 iiiecerunt
1069 5207 1321 5277 maledictiones
1340 5219 1371 5276 ct
1390 5207 1573 5277 noluerunt
1602 5208 1698 5275 berre·

155 5432 166 5469 ⁴
186 5429 322 5513 Bedjau,
339 5454 390 5515 op.
407 5435 473 5513 cit,
490 5442 514 5496 t.
532 5433 573 5510 ll,
590 5454 622 5517 p.
641 5439 690 5510 58,
708 5439 758 5495 60.

157 5538 173 5576 ²
188 5535 272 5599 ibid.
287 5558 319 5620 p.
338 5542 393 5601 104
407 5560 478 5623 sqq.

156 5642 272 5705 'thid
288 5664 322 5726 p.
341 5650 396 5707 113
409 5667 480 5730 sqq.

159 5748 174 5786 ⁴
190 5748 275 5811 lbid.
291 5769 325 5831 p.
341 5756 379 5813 91
395 5772 467 5836 sqq.
