4122 6472
360 444 438 501 1375
722 431 1073 503 APOTELESMATA
1094 432 1325 500 APOLLONll
1348 432 1600 500 TYANENSlS.

435 601 501 672 111.
527 602 633 672 ’Ἂπὸ
651 613 710 682 τῆς
729 608 770 699 ιγ’
792 614 846 672 τοῦ
869 604 1014 696 Μαρτίου
1033 602 1124 696 μηνὸς
1144 608 1234 697 μέχρι
1251 608 1304 670 nol
1326 613 1385 681 τῆς
1405 597 1447 698 ιγ’
1470 614 1526 671 τοῦ
1548 601 1671 670 Ἰουνίου
1690 608 1817 698 λέγεται
1837 601 1951 699 Ἔαρ’,

356 732 470 807 οὗτινος
482 722 599 815 (stiffi
616 726 710 795 elatu*
732 727 921 796 raucu5...·
941 727 1035 794 ἅτινα
1049 726 1103 794 καὶ
1117 726 1241 806 οὕτωςο
1262 732 1424 820 ρυραϊκῶς
1447 723 1669 821 ὸνορεαῖονταιἵ
1690 728 1799 821 Κριὸς,
1818 730 1951 822 Ταῦρος,

357 845 492 947 Δίδυμος
503 851 529 921 ⁸.
551 846 760 946 Ὀνομίζεταε
773 845 810 919 il
828 851 915 932 οὗτος
932 858 948 919 ο“
963 853 1076 945 καιρός·
1099 846 1349 946 Ἰλεκείρουθίν”.

436 977 517 1045 Ἀπὸ
540 988 597 1057 τῆς
621 981 663 1072 ιγ’
689 987 743 1045 τοῦ
777 976 900 1045 Ἰουνίου
926 984 1019 1069 μηνὸς
1049 976 1143 1055 tuem
1171 986 1228 1055 τῆς
1253 973 1295 1071 ιγ’
1321 986 1374 1044 τοῦ
1399 973 1664 1072 ΣεπτεριῧρίουΗ,
1687 983 1814 1070 λέγεται
1844 980 1953 1072 Θέρος,

237 1123 250 1148 ⁸
356 1106 475 1181 οὗτινος
496 1095 594 1186 ζῴδιά
612 1098 625 1125 *
647 1098 742 1170 tlot⁸²
765 1111 883 1171 ταῦτα·
909 1101 1078 1196 Καρκίνος,
1099 1102 1202 1187 Λέων,
1224 1102 1379 1195 Παρθένος
1392 1100 1433 1188 ¹³,
1454 1097 1638 1196 ὀνομάζεται
1662 1094 1698 1169 δὲ
1719 1101 1836 1181 οὖτοςὸ
1856 1104 1955 1197 καιρὸς
2003 1129 2018 1178 5

355 1228 435 1295 Λιου
454 1226 543 1295 οἱν“.

435 1256 517 1421 ’ρΑπὸ
545 1343 580 1420 δὲ
612 1362 670 1430 τῆς
702 1354 744 1446 ιγ’
776 1360 831 1419 τοῦ
860 1344 1071 1444 Σεπτορὸρίου
1105 1355 1194 1444 μέχρι
1218 1346 1262 1445 ιγ’
1294 1376 1349 1419 σου
1377 1345 1575 1445 Δεκερεὸρίου·
1602 1351 1806 1446 Μεσόπωρον,
1841 1356 1954 1430 οὔτινος

353 1470 453 1564 ζῴδιά
471 1481 526 1543 εἰσι
546 1485 661 1544 ταῦτα·
678 1474 787 1570 Ζυγός,
804 1475 967 1570 Σκορπίος,
984 1469 1121 1553 Τοξότης
1135 1474 1174 1539 ¹³.
1194 1469 1403 1570 Ὀνοράζεταε
1417 1467 1452 1543 δὲ
1466 1482 1482 1544 o‘
1494 1478 1596 1569 καιρὸς
1613 1475 1699 1555 οὗτος
1714 1471 1899 1570 Ἀμὸληὸήρ
1910 1476 1951 1542 ¹⁵.

354 1735 411 1792 θεοῦ
426 1729 471 1790 καὶ
487 1732 606 1809 ἀγγέλων
621 1728 788 1810 ἁρμοζούσας
806 1728 911 1811 ἑκάστῳ
928 1732 1026 1812 καιρῷ,
1037 1727 1107 1790 οὕτω
1120 1727 1172 1809 γὰρ
1187 1727 1297 1812 obnixum
1307 1729 1458 1808 γενήσεται,
1474 1729 1521 1789 καὶ
1534 1728 1690 1810 limosum
1703 1731 1793 1792 πάντα
1808 1732 1874 1812 ipro
1888 1737 1952 1793 θαυ-

352 1837 453 1913 μαστὰ,
467 1840 514 1910 τῆς
527 1836 640 1910 σελήνης
653 1836 938 1918 κσλοσχηρστεζώσης
951 1835 1017 1917 πρὸς
1030 1834 1091 1903 τοὺς
1102 1836 1226 1918 ἀστέρας.
1982 1857 2014 1906 10

412 1942 546 2005 Initium
562 1942 834 2027 apotelesmatum
848 1940 1024 2025 Apollonii
1033 1941 1266 2004 mathematici.
1281 1977 1322 1990 -
1333 1941 1499 2006 Recedere
1516 1940 1611 2006 debet
1631 1942 1674 2004 ab
1689 1947 1780 2006 omni
1791 1945 1885 2007 malo
1899 1967 1951 2007 ac·

352 2052 439 2112 tione
454 2050 511 2112 itte
525 2052 584 2132 qui
597 2050 667 2112 uult
683 2051 859 2111 incantare
878 2050 990 2111 omnia
1005 2060 1036 2111 et
1055 2051 1194 2133 operari
1202 2049 1373 2133 prodigia,
1390 2051 1593 2131 praesertim
1608 2062 1717 2111 autem
1733 2072 1755 2110 a
1777 2071 1951 2114 conuersa·

353 2160 440 2219 tione
453 2156 649 2233 mulierum,·
662 2159 711 2218 sic
726 2157 846 2236 forsan
860 2158 934 2238 quis
948 2153 1093 2218 adducet
1107 2175 1220 2217 omnes
1240 2167 1414 2217 creaturos
1428 2154 1489 2217 sub
1508 2154 1712 2218 educationis
1726 2159 1850 2240 iugum.
1870 2157 1950 2239 (Ille)

353 2263 445 2325 debet
465 2282 543 2346 ergo
561 2265 720 2344 proferre
739 2262 979 2343 appellationes
999 2260 1065 2324 Dei
1084 2272 1117 2324 et
1139 2260 1332 2345 angelorum
1355 2263 1458 2324 cuivis
1482 2265 1624 2345 tempori
1644 2262 1892 2345 respondentes,
1908 2267 1952 2325 ita

351 2372 437 2431 enim
454 2366 654 2430 exaudietur
667 2378 699 2430 et
713 2370 824 2431 omnia
841 2389 945 2451 opera
959 2368 1130 2430 mirabilia
1145 2368 1326 2445 enarrabit,
1343 2388 1415 2431 cum
1434 2368 1516 2430 luna
1537 2370 1580 2449 (in
1596 2369 1701 2450 caelo)
1716 2380 1830 2452 aptum
1847 2370 1950 2432 locum
1981 2388 2010 2437 15

352 2473 535 2558 occupabit.

411 2579 466 2643 lll.
483 2580 582 2659 ABD]
601 2588 629 2646 1.
646 2580 672 2642 B
694 2579 769 2644 add.
785 2581 845 2661 lap.
865 2615 905 2630 -
919 2588 948 2643 2.
967 2581 1021 2644 Sic
1036 2580 1075 2643 B.
1092 2581 1192 2660 Καιρὸς
1209 2572 1254 2642 οὖν
1272 2584 1376 2663 πρῶτος
1389 2582 1446 2643 ἐστὶ
1460 2584 1490 2642 τὸ
1502 2582 1551 2664 ἔαρ
1564 2578 1637 2645 ΑΙ).
1651 2616 1691 2631 -
1704 2589 1735 2647 3.
1751 2583 1845 2657 ζόδηου
1861 2583 1899 2646 Β.
1914 2621 1952 2631 -

350 2692 380 2750 4.
394 2688 454 2761 nolu
470 2687 508 2749 B.
520 2724 560 2733 —
571 2694 600 2750 5.
615 2688 663 2749 καὶ
676 2688 710 2749 ab
723 2688 805 2759 ζωδία
818 2692 904 2749 ταῦτα
919 2683 989 2750 ΑΒ.
1005 2686 1093 2750 ΛΒΒ
1106 2688 1227 2751 habent
1240 2687 1294 2752 hio
1308 2688 1404 2772 signa
1418 2688 1615 2773 astrologica
1628 2689 1797 2774 signorum
1810 2690 1949 2753 Zodiaoi.

350 2831 390 2841 —
404 2802 434 2857 6.
451 2794 525 2863 οὗτος
539 2793 577 2856 Β.
592 2829 631 2840 -
649 2795 878 2874 7.,ὀνσρ111σοντα1
893 2793 931 2855 Β.
944 2829 985 2841 -
999 2798 1029 2856 8.
1049 2793 1107 2857 ΑΒ
1125 2813 1190 2856 0111.
1205 2794 1283 2855 ἅτινα
1297 2804 1359 2857 ete.
1375 2829 1416 2842 -
1428 2801 1458 2857 9.
1477 2795 1505 2864 ὃς
1516 2797 1674 2875 ὀνομάζεται
1694 2787 1810 2869 ottenb
1827 2793 1899 2861 AD.
1914 2833 1952 2843 -

352 2907 400 2964 10.
421 2901 461 2969 tt<
480 2900 518 2962 Β.
539 2936 580 2947 -
603 2899 890 2981 11.Σ111116ρίουΒ.
914 2938 955 2946 -
981 2906 1028 2963 12.
1053 2901 1100 2975 ἠσί
1122 2899 1159 2962 Β.
1177 2938 1216 2946 --
1237 2904 1286 2963 13.
1303 2900 1388 2964 Loco
1412 2902 1590 2976 nominum,
1605 2899 1692 2964 ΑΒΒ
1714 2902 1836 2965 babent
1859 2905 1951 2986 signa
1978 2920 2009 2968 ‘to

350 3006 548 3091 astrologica
565 3013 690 3071 tantum
713 3007 766 3071 bio
785 3016 818 3070 et
838 3006 932 3070 inira.
955 3043 995 3052 —
1012 3012 1059 3069 11.
1076 3005 1134 3069 AD
1150 3006 1270 3071 babent
1293 3016 1417 3071 tantum
1435 3030 1442 3070 :
1461 3010 1560 3090 Καρὸς
1574 3010 1602 3070 a
1616 3009 1736 3091 δεύτερος
1753 3009 1785 3070 τὸ
1798 3011 1872 3091 θέρος
1889 3010 1950 3093 (hic

350 3114 455 3198 signa)
475 3114 503 3182 ὃς
524 3115 646 3175 καλεῖται
671 3105 801 3188 octobr.
820 3150 861 3161 -
883 3121 931 3177 15.
957 3112 1010 3176 Sic
1033 3113 1071 3176 B.
1095 3115 1195 3195 Καιρὸς
1215 3114 1302 3195 τρίτος
1325 3115 1356 3175 τὸ
1383 3117 1536 3198 μετόπωρον
1561 3115 1624 3196 (hic
1649 3114 1753 3200 sigua)
1778 3116 1806 3186 ὃς
1831 3119 1951 3178 καλεῖται

349 3210 791 3303 Ὴὴωμωωψ.

351 3637 415 3711 illa
435 3636 582 3710 nomina
603 3638 750 3736 quando
773 3638 861 3710 luna
880 3638 973 3711 bene
993 3650 1050 3711 est
1070 3637 1264 3744 disposita,
1290 3661 1374 3709 nam
1396 3650 1524 3710 contra
1544 3650 1644 3710 astra
1664 3637 1761 3711 circa
1784 3648 1950 3739 tetrago-

350 3788 438 3834 num
460 3773 497 3835 et
518 3761 753 3861 hexagonum
772 3761 894 3859 posita
912 3761 1092 3860 propitios
1116 3760 1265 3834 nomina
1289 3786 1362 3833 non
1381 3761 1544 3835 efficiunt
1567 3766 1776 3835 numeros'.

425 3996 489 4066 lll.
516 3997 544 4066 E
566 3993 708 4067 decimo
730 3993 864 4066 tertio²
880 3992 1002 4066 Martii
1022 3993 1161 4066 mensis
1177 4017 1293 4090 usque
1311 3991 1356 4064 ad
1372 3992 1554 4065 decimum
1573 3992 1722 4066 tertium
1740 3997 1758 4065 1
1764 3993 1841 4066 unii
1857 3992 1950 4066 dioi-

349 4130 410 4191 tur
435 4125 514 4217 ’Έαρ
538 4120 651 4212 (Ver),
674 4118 778 4190 euius
803 4116 1102 4191 constellationes
1127 4116 1268 4189 zodiaci
1295 4121 1453 4189 sunt...³
1475 4128 1512 4189 et
1533 4116 1770 4190 nominantur
1791 4131 1948 4191 romaica

350 4246 459 4330 Aries,
483 4250 628 4327 Taurus,
654 4245 800 4318 Gemini.
818 4242 1036 4314 Nominatur
1055 4254 1178 4314 autem
1197 4255 1343 4339 tempus
1365 4240 1454 4313 illud
1475 4243 1740 4314 ttetetrouttin.
1988 4252 2001 4301 5

426 4371 454 4440 E
481 4366 624 4441 decimo
650 4366 759 4439 tertio
785 4365 883 4438 lunii
914 4366 1053 4439 mensis
1084 4365 1131 4437 ad
1163 4365 1346 4438 decimum
1375 4365 1523 4437 tertium
1556 4365 1782 4464 Septembris
1815 4367 1948 4441 dicitur

227 4519 241 4541 ¹
352 4498 448 4591 Θέρος
459 4493 625 4587 (AEstas)‚
642 4490 746 4563 cuius
762 4489 1087 4564 constellationes*
1103 4488 1252 4563 Zodiaoi
1268 4492 1377 4562 sunt³
1395 4492 1547 4576 Cancer,
1566 4492 1655 4577 Leo,
1671 4490 1802 4590 Virgo.
1821 4494 1949 4565 Nomi-

351 4629 459 4689 natus
479 4628 602 4690 autem
621 4629 767 4714 tempus
786 4614 878 4687 illud
897 4619 1064 4690 liburno.

427 4743 455 4813 E
477 4741 619 4814 decimo
639 4739 749 4813 tertio
771 4738 997 4838 Septembris
1015 4739 1061 4811 ad
1082 4738 1264 4812 decimum
1284 4738 1434 4812 tertium
1453 4738 1667 4812 Decembris
1686 4739 1821 4813 dicitur
1841 4746 1947 4814 Μετό·

351 4896 448 4965 πωρον
470 4866 718 4958 (Autumnus),
743 4863 849 4936 ouius
873 4862 1175 4937 constellationes
1200 4862 1349 4936 Zodiaoi
1374 4875 1458 4935 suut
1480 4862 1604 4952 Libra,
1628 4864 1816 4963 Scorpius
1843 4866 1997 4938 Arei-10

351 5003 496 5063 tenens.
521 4989 739 5062 Nominatur
757 5001 880 5061 autem
899 5001 1044 5087 tempus
1065 4986 1155 5060 illud
1174 4990 1359 5060 Anrbleber.

2027 5096 2028 5127 l

414 5227 440 5283 1.
465 5217 620 5284 Formula
639 5218 748 5280 forsan
768 5217 985 5301 Pythagorea.
1005 5216 1088 5280 Nam
1109 5216 1322 5302 Pythagoras,
1340 5216 1381 5280 ad
1399 5218 1491 5302 cujus
1510 5226 1631 5281 sectam
1651 5217 1834 5302 pertinebat
1850 5216 1948 5304 Apol·
2026 5160 2027 5241 l

351 5327 470 5402 Ionius,
487 5347 528 5390 ex
540 5324 685 5388 numeris
700 5332 732 5386 et
746 5324 1048 5387 mathematicorum
1062 5323 1161 5386 initiis
1174 5324 1281 5386 omnia
1293 5324 1454 5407 proficisci
1468 5323 1608 5387 volebat.
2025 5270 2026 5351 l

409 5442 438 5500 2.
462 5434 549 5517 Lege
564 5452 572 5495 2
589 5458 605 5489 a
621 5451 639 5495 e
655 5430 814 5516 vigesimo
833 5431 938 5514 primo
956 5458 983 5492 ».
1002 5430 1099 5492 Error
1118 5430 1171 5493 ille
1190 5430 1223 5492 in
1245 5429 1355 5494 codice
1377 5430 1403 5493 B
1423 5431 1492 5493 solo
1513 5430 1673 5494 invenitur
1692 5441 1725 5494 et
1745 5430 1875 5498 additus
1901 5442 1949 5498 est
2024 5406 2025 5463 l

351 5544 460 5606 forsan
475 5541 561 5604 circa
575 5559 696 5601 annum
713 5541 790 5600 1300
805 5538 933 5621 quando
949 5536 1187 5620 aequinoctium
1200 5537 1232 5598 in
1247 5535 1371 5600 decimo
1387 5538 1481 5601 tertio
1498 5537 1607 5601 Martii
1622 5537 1795 5606 incidebat.

409 5655 439 5711 3.
464 5647 523 5711 Hic
539 5647 634 5731 signa
648 5643 777 5708 aliunde
793 5654 877 5707 nota.
