4108 6458
382 539 441 597 680
914 527 1158 594 PRAEFATIO
1180 568 1220 576 -
1242 528 1383 594 CAPUT
1405 531 1446 594 ll.

456 695 492 764 2.
520 688 687 765 ‘Abdiso‘
703 690 898 789 episcopus
915 691 1092 765 Sobensis
1108 692 1218 765 refert
1234 691 1441 765 Marutham
1459 691 1671 789 episcopum
1687 687 1964 787 Maiphercateu-

384 853 461 900 sorn
483 823 652 898 alibrum
670 823 927 922 martyriorum
945 853 962 895 r>
981 824 1244 922 composuisse.
1263 824 1360 897 Dicit
1375 824 1489 897 enim.
2037 810 2038 875 1

789 1003 864 1067 mm
879 996 1185 1068 mamaeam-gua
1198 997 1256 1061 uta
1269 1004 1377 1076 seps
1390 999 1470 1061 mou·
1482 991 1706 1065 esrom-‚sm
1718 991 1857 1058 sumt
1870 992 1933 1057 ms

443 1107 603 1171 Maratha
625 1110 798 1190 episcopus
816 1105 1118 1190 Maiprlrerltatensis
1139 1120 1170 1170 et
1190 1107 1335 1168 medicus
1349 1110 1481 1190 peritus
1504 1107 1688 1189 composuit
1711 1105 1830 1167 librum
1852 1115 1965 1184 marty·

385 1228 470 1287 rium
487 1237 517 1285 ct
531 1222 614 1284 odas
626 1235 657 1284 et
670 1223 809 1302 hymnos
822 1235 1020 1301 martyrum.

460 1369 513 1439 Ex
527 1365 584 1437 his
597 1364 719 1437 verbis
740 1362 918 1450 ‘Abdiso‘‚
935 1389 1008 1437 non
1028 1364 1099 1437 iarn
1113 1364 1308 1451 coniicerm
1331 1364 1397 1438 sed
1417 1365 1580 1438 divinare
1595 1376 1632 1437 et
1649 1363 1822 1437 hariolari
1836 1362 1965 1436 videtur
2037 1384 2038 1435 t

386 1499 581 1573 Assemani
594 1498 722 1571 dicens
738 1524 746 1568 ε

463 1663 479 1699 a
508 1637 637 1704 Harum
661 1632 934 1728 [Hymnorumll
951 1639 1183 1725 fraymentum
1208 1637 1382 1704 casstatim
1407 1635 1524 1704 luridas
1550 1638 1743 1726 Martyrum
1762 1633 1823 1702 sub
1842 1631 1964 1700 initian

390 1795 407 1836 a
437 1768 569 1839 Codicis
597 1769 631 1837 11
645 1768 651 1801 ¹
684 1768 887 1849 Nitriansis;
911 1789 1091 1858 carumque
1116 1790 1244 1857 mayna
1268 1791 1353 1859 pars
1373 1768 1498 1861 Officiis
1525 1768 1701 1859 Syrorum,
1734 1766 1965 1835 Maronitarum

390 1929 407 1969 a
436 1902 602 1983 videlicet,
630 1900 857 1969 lacabitaruru
881 1910 913 1969 et
940 1903 1219 1970 nestorianorum
1246 1902 1375 1970 inserta
1402 1911 1461 1984 cst,
1487 1911 1588 1993 atque
1613 1900 1754 1992 hymnis
1784 1894 1962 1990 Ephracmi
2037 1894 2038 1949 ἶ

390 2060 407 2100 a
438 2035 550 2104 iacobi
587 2032 801 2124 aliarumque
839 2032 888 2100 ita
925 2036 1101 2123 permista,
1136 2043 1173 2102 ut
1213 2033 1310 2103 nullo
1344 2039 1414 2125 sere
1449 2033 1576 2103 iudicia
1607 2056 1630 2102 a
1656 2031 1800 2122 reliquis
1834 2028 1967 2099 discerni

390 2192 407 2233 a
432 2167 577 2258 possint.
604 2194 621 2228 1)

438 2296 619 2395 imprimis
642 2296 840 2369 notandum
865 2308 920 2369 est
939 2295 1052 2368 verba
1076 2297 1164 2369 haec
1187 2297 1373 2396 sophisma
1400 2296 1597 2370 involvere.
1619 2299 1711 2368 Nam
1726 2295 1758 2367 si
1778 2293 1907 2393 Hymni
1922 2291 1967 2362 illi

387 2427 539 2527 reliquis
558 2429 609 2500 ita
621 2428 787 2528 permisti
801 2441 899 2515 sunt,
928 2439 968 2501 ut
985 2428 1144 2501 discerni
1165 2442 1361 2527 nequeant,
1378 2428 1487 2514 unde,
1506 2453 1657 2528 quaese,
1673 2427 1774 2500 novit
1789 2423 1967 2499 Assemani

387 2596 451 2643 cos
471 2595 510 2642 re
533 2595 620 2642 vera
643 2570 784 2643 Officiis
811 2569 884 2642 illis
911 2570 1069 2643 insertos
1093 2573 1198 2643 esse?
1217 2573 1330 2643 Porro
1353 2583 1387 2649 m
1410 2583 1446 2643 et
1465 2583 1552 2648 ruas
1568 2568 1681 2643 verba
1708 2582 1792 2642 sunt
1815 2566 1967 2641 technica

387 2702 650 2775 breviariorum
667 2702 899 2801 Syriaoorum
917 2715 953 2775 et
967 2703 1178 2801 significant
1190 2704 1355 2775 carmina
1370 2704 1506 2788 brevia,
1525 2728 1619 2801 quae
1635 2703 1671 2774 in
1687 2702 1817 2775 olliciis
1836 2712 1968 2773 nactur·

388 2836 444 2907 nis
469 2849 505 2908 et
529 2835 670 2909 diurnis
697 2835 980 2934 antiphonarum
1003 2837 1082 2909 viee
1109 2836 1325 2936 funguntur.
1350 2840 1485 2910 Contra
1514 2836 1631 2909 oratio
1657 2835 1717 2907 illa
1741 2832 1964 2933 panegyrica,

387 2994 495 3067 quam
504 2968 654 3068 respicit
666 2970 874 3055 Assemani‚
894 2970 1162 3066 subscriptione
1181 2983 1276 3043 teste
1294 2970 1414 3050 tus-2²
1435 2970 1611 3068 inscripta
1631 2981 1720 3052 erat,
1739 2968 1791 3040 ita
1805 2981 1845 3040 ut
1864 2991 1968 3040 ever·
2037 3014 2038 3055 y

387 3096 444 3169 bis
464 3097 629 3170 ‘nhdiso‘
645 3098 792 3196 probari
808 3096 1017 3171 nullatenus
1036 3099 1154 3196 possit
1175 3099 1379 3172 Marutbam
1399 3099 1601 3171 orationem
1621 3097 1780 3195 aliquam
1801 3098 1838 3168 in
1857 3094 1968 3168 laudes
2037 3096 2038 3103 ’

387 3242 587 3329 martyrum
612 3231 889 3329 conscripsisse,
914 3231 997 3328 Syri
1024 3231 1120 3303 enim
1141 3232 1209 3304 hoc
1229 3256 1348 3329 genus
1377 3232 1554 3304 orationis
1575 3254 1761 3330 nunquam
1786 3228 1925 3302 nomine
1941 3256 1968 3303 no

387 3374 450 3435 aut
479 3375 566 3440 ruse,
590 3363 849 3463 designabant.
880 3367 1075 3462 Perperanr
1119 3364 1234 3463 igitur
1272 3364 1460 3437 confundit
1492 3365 1687 3437 Assemani
1718 3393 1735 3429 «
1769 3362 1860 3436 odas
1897 3372 1968 3431 set

389 3526 406 3566 a
436 3496 592 3595 hymnos
610 3524 628 3566 1
646 3495 836 3569 Marathae
863 3521 945 3568 cum
970 3521 1137 3569 sermone
1160 3498 1384 3596 panegyrico
1405 3497 1543 3570 codicis
1566 3496 1698 3595 syriaci
1720 3495 1815 3567 Bibl.
1833 3496 1969 3571 Vatica-

387 3653 455 3701 nae
478 3629 560 3701 llil.

461 3764 631 3836 Ceterum
651 3762 784 3834 similia
807 3776 930 3835 narrat
953 3764 1235 3836 commentarius
1257 3764 1358 3836 hmri
1384 3778 1420 3837 et
1445 3763 1566 3836 Slibae
1587 3764 1632 3836 de
1652 3764 1745 3852 Ahai
1769 3783 1968 3836 successore

388 3895 518 3981 Issaei,
547 3895 741 3979 catholico,
773 3896 833 3994 qui
861 3921 943 3968 curn
971 3922 992 3968 a
1021 3897 1221 3997 lendegerd
1251 3922 1339 3995 rege
1362 3898 1399 3969 in
1426 3896 1614 3970 Persidem
1642 3896 1788 3996 legatus
1816 3909 1911 3969 essct
1931 3891 1969 3965 ad

388 4027 640 4128 componenda
661 4028 840 4126 quaedam
861 4029 985 4128 magni
1006 4031 1179 4102 momenti
1202 4029 1368 4115 dissidia,
1391 4055 1483 4128 quae
1505 4029 1718 4128 leudegardi
1741 4055 1823 4102 oum
1846 4029 1970 4101 Bihuro

389 4162 538 4261 Saporis
555 4161 644 4248 11110,
663 4187 802 4260 suoque
818 4187 1008 4261 germano,
1026 4163 1188 4235 Persidis
1204 4188 1245 4235 ac
1261 4164 1530 4261 provinciarum
1546 4163 1723 4262 principe,
1742 4172 1967 4236 emerserant.

388 4295 473 4367 illuc
487 4295 717 4393 perveniens
736 4295 904 4393 expedito
920 4296 1070 4395 negotia
1087 4296 1191 4368 sibia
1207 4322 1295 4396 rege
1311 4296 1534 4381 concredita,
1556 4328 1572 4363 a
1585 4299 1631 4368 ad
1640 4300 1873 4391 perquirenda
1886 4301 1969 4368 Mar·

388 4443 502 4521 tyrum
518 4431 697 4522 sepulchra
720 4455 755 4501 se
772 4432 944 4514 convertit,
961 4433 1022 4523 qai
1045 4435 1251 4523 martyriam
1266 4434 1365 4524 passi
1385 4444 1494 4502 essent
1517 4433 1577 4501 sub
1593 4433 1729 4524 Sapore,
1755 4433 1965 4523 inoestiyaus,

388 4586 489 4655 quarn
521 4565 559 4633 ob
590 4587 728 4633 causam
755 4565 896 4656 quisquc
919 4565 1059 4634 illorum
1089 4566 1217 4635 accisus
1245 4577 1329 4635 esset
1353 4588 1532 4658 eorumque
1563 4565 1700 4656 scripsit
1728 4562 1966 4635 historiam³...

390 4696 434 4765 Et
456 4692 565 4792 paulo
594 4693 688 4765 inlra
719 4722 726 4764 :
757 4698 937 4767 «Librum
963 4701 1149 4790 composuit
1178 4701 1494 4769 commentariorum
1517 4699 1557 4768 dc
1592 4698 1801 4790 martyribus
1823 4695 1969 4768 ecclesiae

387 4829 575 4909 orientalis,
602 4831 641 4899 de
670 4831 791 4921 artibus
822 4831 958 4923 scripsit
988 4833 1091 4901 etiam
1120 4832 1243 4901 Daniel
1274 4833 1331 4901 ibn
1358 4832 1504 4901 Mariam
1533 4832 1569 4899 in
1599 4832 1742 4900 historia
1777 4831 1834 4900 cui
1861 4849 1969 4899 aionien

391 4987 408 5028 a
436 4962 697 5032 Ecclesiastico*
722 4994 753 5033 11.
778 4964 880 5056 Quae
904 4961 1059 5034 assertio
1086 4961 1188 5033 Amri
1212 4988 1255 5033 co
1278 4962 1425 5035 maioris
1454 4975 1509 5034 est
1540 4961 1714 5034 momenti
1739 4962 1836 5058 quod
1859 4970 1968 5033 textus

449 5154 459 5194 ¹
476 5153 579 5218 Aliter
590 5164 719 5218 notatus
735 5155 911 5219 Vaticanus
927 5157 1028 5237 Syrus
1046 5162 1111 5217 161.

447 5262 460 5298 ²
476 5261 607 5344 Badiam,
626 5284 679 5344 ap.
703 5265 770 5336 eit,
786 5273 809 5325 t.
827 5262 866 5336 ll,
886 5267 941 5324 122
957 5284 963 5324 τ
982 5264 1095 5325 Sermo
1116 5263 1170 5324 ille
1186 5263 1400 5327 subscribitur
1415 5284 1423 5325 ε
1439 5268 1648 5351 mafortem
1665 5274 1706 5323 ss
1721 5258 1904 5346 111.ρΆωῶ
1915 5261 1968 5343 ῥα

386 5379 474 5451 rape!
497 5370 552 5445 1111,
576 5384 656 5453 stips
680 5359 756 5445 tle&
779 5396 792 5425 a
813 5370 961 5451 Explicit
978 5389 1085 5430 sermo
1104 5372 1234 5451 primas
1251 5373 1285 5431 in
1305 5369 1421 5431 luridas
1440 5383 1472 5432 et
1489 5372 1641 5433 victorias
1665 5381 1849 5450 martyrum
1870 5380 1968 5429 tarrac

389 5476 533 5537 Orientis
550 5502 577 5536 1.
593 5476 720 5557 —Syri
735 5486 841 5538 autern
854 5476 1095 5558 inscriptionem
1111 5476 1184 5538 libri
1199 5477 1231 5538 in
1246 5476 1309 5538 linc
1326 5486 1470 5560 repetere
1485 5477 1599 5539 solent.

446 5580 657 5655 ³Gismondi‚
684 5582 807 5660 Maris,
828 5581 928 5644 Arari
950 5595 982 5643 et
1009 5583 1121 5645 sanae
1140 5582 1181 5643 dc
1203 5584 1409 5663 patriarchis
1432 5582 1707 5648 Nestorianarum
1730 5578 1966 5649 commentaria,

387 5687 520 5753 Romae,
540 5692 627 5759 1895,
645 5708 723 5773 pag.
740 5694 790 5751 25.
2037 5692 2038 5695 ’

446 5795 457 5833 ⁴
475 5796 604 5858 Scilicet
618 5794 732 5858 Daniel
746 5795 806 5859 bar
821 5795 1000 5858 Tubanita‘?
1015 5796 1061 5858 sia
1074 5796 1113 5859 R.
1131 5794 1245 5874 Dural,
1262 5818 1314 5879 ap.
1332 5799 1398 5876 cit,
1413 5817 1445 5879 p.
1462 5800 1530 5859 235.
