4146 6474
356 440 433 497 1213
758 433 815 496 DE
839 433 1049 499 EPISTOLA
1072 432 1246 498 BARUCll
1268 432 1542 496 rlPOCllYPllll.

354 599 610 690 (habitationem
626 596 723 691 Sion)
739 594 846 669 vobis
866 595 999 669 solatio
1019 594 1133 669 fuisse
1151 620 1228 669 non
1247 594 1418 668 obstante
1438 592 1604 678 tristitia,
1627 617 1700 691 qua
1717 617 1784 667 vos
1804 592 1958 666 exilium
2064 590 2065 673 l

354 729 490 806 allecit.

404 866 469 951 Vl,
487 864 523 935 2.
540 850 684 957 'peceato
703 866 814 957 erum]
832 861 954 960 recepi
973 860 1169 935 lectionem
1185 889 1222 945 03
1240 860 1355 934 altera
1374 859 1484 934 lectio
1504 870 1676 934 contextu
1693 871 1859 957 spectato
1874 884 1957 933 ma·
2063 866 2065 879 ‘

355 1021 467 1096 gnam
484 994 781 1094 probabilitatem
800 1018 889 1095 prae
904 1019 944 1067 sc
961 993 1045 1079 lert,
1063 1019 1149 1069 nam
1163 1022 1271 1077 mcor
1286 1018 1373 1088 pune
1390 996 1480 1065 olum
1494 997 1652 1092 (patrata
1671 993 1772 1089 sunt)
1793 993 1957 1090 paralle-

354 1129 462 1202 lismo
485 1126 733 1202 membrorum
757 1127 894 1227 optime
921 1127 1111 1215 convenit3
1138 1137 1301 1200 attamen
1325 1126 1441 1199 altera
1465 1124 1575 1199 lectio
1599 1124 1838 1225 grammatice
1861 1125 1958 1199 falsa

356 1275 425 1350 cst,
444 1260 539 1335 addc
557 1299 607 1336 «n.
621 1260 667 1334 ad
686 1289 805 1345 mear·
822 1258 1068 1334 probabiliter
1085 1284 1174 1334 vcra
1194 1259 1428 1359 gonninaquc
1449 1256 1559 1331 lectio
1581 1270 1660 1332 erat
1677 1297 1727 1334 a...
1740 1286 1863 1343 μψς,
1881 1258 1958 1332 nisi

356 1393 448 1468 torte
462 1393 573 1466 lectio
587 1422 609 1463 c
624 1393 808 1493 antiquior
822 1393 871 1466 sit
886 1417 931 1466 ex
945 1418 1017 1492 qua
1031 1432 1080 1469 σω,
1090 1421 1198 1477 μαψ,
1212 1406 1248 1466 et
1268 1393 1413 1466 demum
1428 1420 1537 1475 μψ,
1551 1404 1671 1464 ortum
1690 1391 1752 1477 sit,
1770 1392 1822 1465 ita
1840 1392 1959 1465 conii-

356 1526 475 1600 cicnte
495 1540 646 1600 auctore
663 1526 889 1600 recensionis
903 1531 950 1598 Φ.

428 1661 493 1746 Vl,
520 1660 577 1734 tt.
601 1665 726 1732 Tumor
744 1662 917 1754 elationis]
943 1671 1090 1760 recepta
1114 1660 1270 1733 lectione
1291 1687 1314 1729 c
1331 1682 1447 1757 caque
1473 1666 1655 1743 correcta;
1680 1656 1771 1755 legit
1796 1680 1960 1755 namque

355 1813 456 1867 ιιυιυι
470 1809 533 1861 tt·-
544 1804 657 1865 tomor
669 1796 903 1887 puerilitatis;
920 1793 989 1865 hoc
1007 1805 1129 1866 autem
1149 1791 1293 1866 admitti
1313 1791 1455 1891 nequit,
1475 1815 1559 1864 nam
1573 1819 1638 1872 teu,
1655 1789 1752 1861 unde
1770 1803 1960 1888 sumptum

357 1925 476 1998 subet.
499 1954 592 2004 rma·
612 1925 673 1998 vix
695 1924 889 2026 reperitur,
916 1950 1083 2023 puerum,
1107 1925 1292 2000 hominem
1317 1924 1521 2025 simplicem
1547 1912 1732 2023 designat,
1757 1948 1825 1997 nec
1852 1924 1960 1998 notio
2064 1936 2065 1987 t

356 2088 410 2135 tu
423 2082 468 2132 ex
480 2072 602 2132 mente
617 2061 794 2157 Syrorum
808 2059 922 2131 ullam
939 2058 1095 2132 includit
1110 2057 1338 2158 superbiam3
1357 2058 1472 2157 igitur
1487 2070 1631 2132 retento
1650 2085 1712 2137 aas.
1730 2083 1814 2131 cum
1827 2063 1862 2129 Φ
1878 2057 1958 2158 legi
2064 2146 2065 2153 ἵ

359 2217 490 2273 numi.
511 2190 636 2266 Lectio
656 2191 804 2289 quaein
824 2190 1014 2265 codicibus
1029 2191 1180 2289 reliquis
1195 2192 1380 2266 invenitur
1399 2219 1487 2282 rar-or,
1507 2217 1572 2289 per
1589 2217 1629 2267 sc
1650 2193 1797 2293 quidem
1817 2193 1958 2291 impro-
2064 2168 2065 2219 f

358 2322 490 2396 babilis
516 2347 590 2397 non
619 2338 689 2411 est,
721 2336 883 2398 attamen
917 2324 1147 2397 antithesis:
1180 2339 1292 2397 tremor
1311 2327 1474 2398 elationis
1498 2367 1549 2381 —
1574 2329 1782 2414 humiliatio,
1814 2328 1959 2399 dedecus

358 2455 544 2530 contextui
569 2456 702 2529 melius
726 2456 837 2544 lavet,
856 2482 965 2557 quam
980 2463 1133 2553 potentio
1162 2461 1324 2531 elationis
1343 2499 1388 2513 -
1411 2459 1618 2545 trtnrt'liote'o,
1645 2462 1796 2545 mdeste,
1822 2484 1960 2532 sensus

358 2586 456 2661 enim
472 2613 584 2662 sanus
601 2590 725 2688 potius
746 2590 865 2691 exigit
879 2619 967 2682 μμι,
982 2618 1098 2667 tium»
1108 2595 1212 2664 elatio
1222 2594 1395 2686 potentine
1409 2590 1608 2692 legendum
1626 2616 1720 2666 esse.

431 2722 531 2810 Vlll‚
558 2722 614 2794 m.
634 2727 778 2796 mutatio
798 2727 843 2797 od
856 2728 1088 2820 resriperium]
1102 2749 1185 2798 cum
1204 2722 1394 2798 codicibus
1408 2734 1501 2795 oen
1520 2724 1606 2824 lego
1624 2753 1715 2809 iuri,
1734 2752 1828 2825 quac
1845 2726 1960 2801 lectio
2064 2764 2065 2795 r

359 2852 437 2926 sola
459 2879 547 2927 vera
571 2869 641 2942 est,
662 2856 756 2930 hanc
779 2871 903 2930 autem
928 2882 996 2932 nec
1018 2844 1260 2933 Charles'nec
1287 2858 1432 2957 Rysscl,
1456 2882 1523 2931 nco
1551 2858 1623 2932 iam
1648 2859 1789 2959 antiqui
1811 2860 1961 2933 scribae
2064 2828 2065 2879 ἶ

360 2985 585 3062 intellexisse
606 2989 792 3077 videntur,
811 2989 865 3062 uti
886 2990 1067 3065 lectiones
1088 2990 1127 3064 in
1145 3005 1276 3077 bun
1297 2989 1538 3064 mutationem
1558 3019 1639 3071 imai
1662 2996 1698 3065 io
1717 2996 1791 3065 cios
1808 2996 1865 3087 (l),
1883 3007 1962 3064 der

358 3147 440 3199 tuor
461 3121 572 3218 (quod
592 3123 699 3221 plane
722 3122 922 3197 absurdum
947 3128 1016 3220 est)
1037 3135 1074 3198 et
1093 3141 1123 3193 tr
1143 3124 1383 3235 mutationem
1407 3153 1504 3204 ruo-..x
1520 3131 1719 3199 ammarum
1739 3127 1956 3201 ostendunt.
