4108 6458
384 500 444 557 668
925 489 1168 557 PRAEFATIO
1190 528 1230 540 -
1251 490 1393 557 CAPUT
1416 493 1440 556 I.

382 680 547 743 senensis⁴
565 701 652 742 onno
667 682 726 745 577
742 677 955 758 Graecorum,
972 692 1005 741 et
1021 680 1202 743 rodaticus
1220 693 1352 743 creatus
1367 693 1416 742 est
1434 680 1532 763 Pa‘pa
1551 682 1585 741 in
1606 678 1735 767 synodo
1749 681 1810 745 318
1825 681 1963 763 (patrum)

383 816 469 879 quae
486 809 684 879 congregata
699 808 748 857 est
761 794 908 860 Nicaeae
922 816 1010 857 anno
1030 798 1089 859 636
1105 796 1324 872 Graecorum,
1338 808 1416 878 post
1433 815 1558 856 annum
1576 798 1616 858 59
1631 795 1850 857 ordinationis
1863 796 1962 858 suoe²¹

387 910 530 996 Quidam
554 923 709 972 asserunt
731 930 804 972 eum
824 913 858 972 in
877 913 951 993 ipsu
970 910 1097 992 synodo
1117 909 1308 972 ordinatum
1328 931 1409 985 esse,
1431 910 1493 972 sed
1507 911 1609 991 salso.
1631 910 1674 972 Et
1694 911 1757 973 alii
1775 910 1887 972 dicunt
1903 930 1966 972 eum

385 1046 449 1087 non
473 1029 549 1088 iisse
573 1025 620 1086 ad
641 1024 814 1106 synodum,
837 1025 897 1087 sed
918 1024 1101 1087 Simeonem
1125 1024 1199 1087 Bor
1224 1024 1375 1103 Satta‘e,
1401 1024 1598 1108 discipulum
1622 1046 1729 1103 suum,
1756 1027 1911 1089 mr'srsse³.
1932 1027 1968 1089 Et

376 1152 456 1225 post
474 1162 586 1203 norem
601 1162 707 1202 annos
721 1140 848 1223 synodo
861 1140 1014 1205 Nicaena
1029 1143 1147 1222 (facus)
1163 1143 1360 1225 congregati
1371 1152 1450 1202 sunt
1468 1143 1616 1223 episcopi
1627 1142 1806 1203 orientales
1823 1155 1855 1203 et
1865 1141 1968 1224 Pdpae

382 1258 488 1318 multa
506 1258 646 1318 crimina
665 1259 861 1318 inuenerunt
886 1257 925 1318 ob
943 1256 1059 1317 turbae
1078 1275 1165 1338 quae
1185 1277 1239 1319 res
1263 1256 1502 1318 ecclesiasticos
1516 1258 1711 1318 invaserunt
1724 1268 1866 1339 propter
1877 1258 1967 1339 negli-

379 1374 526 1456 gentiam
542 1374 622 1449 cius,
643 1383 675 1433 et
693 1373 791 1433 etiam
810 1373 1019 1433 macularum
1040 1374 1184 1455 turpium
1206 1384 1447 1433 accusarerunt
1464 1391 1549 1433 eum.
1566 1370 1628 1434 Ille
1647 1382 1771 1448 autem,
1790 1392 1863 1432 curn
1880 1384 1969 1433 semet

383 1507 544 1550 cacusare
567 1508 634 1548 non
654 1490 820 1570 potuisset
843 1487 883 1548 de
910 1488 961 1550 bis
990 1486 1031 1549 de
1059 1488 1177 1569 quibus
1206 1485 1519 1570 reprehendebatur,
1544 1489 1676 1549 eleuans
1698 1508 1834 1548 manum
1861 1488 1967 1549 librum
2036 1526 2037 1531 κ

383 1603 559 1686 Evangelii
574 1601 744 1664 adorandi
761 1605 795 1664 in
816 1602 900 1664 solio
921 1623 1033 1664 coram
1052 1605 1250 1685 sepositum
1264 1605 1434 1686 percussit
1451 1601 1563 1664 dicens
1578 1624 1589 1663 .·
1604 1601 1753 1684 Loquere
1772 1606 1805 1665 si
1826 1604 1924 1664 estin
1944 1614 1969 1662 te

383 1738 502 1796 sermo,
520 1721 598 1801 quin
613 1718 744 1800 loquela
759 1702 877 1799 defecit
890 1738 952 1780 me.
973 1719 1050 1803 Qua
1063 1721 1137 1801 ipsa
1156 1719 1240 1780 liora
1257 1722 1394 1781 exaruit
1412 1717 1550 1780 dextera
1565 1720 1645 1780 eius.
1662 1717 1706 1780 Et
1720 1717 1854 1801 quidam
1869 1717 1971 1779 dicunt

384 1836 552 1916 episcopos
572 1854 645 1895 eum
666 1833 823 1896 uidissent
840 1832 930 1915 quod
946 1834 1076 1910 accidit,
1095 1854 1167 1896 eum
1183 1833 1384 1917 deposuisse,
1407 1835 1485 1915 quia
1499 1834 1667 1894 accusatio
1685 1853 1798 1894 eorum
1814 1834 1969 1914 uerr'ficuta

384 1961 442 2011 est.
456 1948 500 2011 Et
518 1950 581 2012 alii
597 1948 711 2010 dicunt
728 1970 801 2010 eum
821 1948 1001 2032 depositum
1021 1970 1087 2010 non
1106 1968 1189 2028 esse,
1203 1969 1239 2011 eo
1263 1947 1527 2045 quodbdiaissent
1545 1951 1692 2031 episcopi
1702 1971 1712 2009 .·
1725 1948 1854 2031 Sufficit
1867 1950 1898 2010 ei
1906 1969 1968 2009 cus·

385 2067 498 2148 tigatio
524 2063 650 2141 diuina,
672 2085 767 2146 quae·
785 2063 904 2126 accidit
929 2068 972 2127 ei.
997 2064 1041 2127 Et
1067 2068 1283 2147 reperiuntur
1311 2065 1469 2155 epistolae
1497 2065 1739 2126 consolatoriae
1762 2085 1785 2124 a
1807 2063 1841 2126 S.
1863 2062 1969 2125 Iacobo
2036 2064 2037 2101 Τ

385 2178 542 2243 Nisibeno
561 2193 593 2241 et
615 2181 713 2241 etiam
736 2202 757 2240 a
777 2180 812 2242 S.
834 2180 1004 2262 Ephraem
1024 2183 1145 2242 missae
1161 2179 1208 2241 ad
1223 2180 1311 2241 bunc
1329 2179 1521 2269 Pdpantlob
1541 2182 1751 2240 amissionem
1776 2178 1927 2240 deuteros
1944 2189 1970 2238 et

385 2298 565 2377 increpatio
580 2308 695 2356 contra
714 2298 894 2378 episcopos,
912 2298 971 2378 qui
987 2295 1149 2357 audacter
1169 2294 1330 2357 aduersus
1353 2315 1425 2356 eum
1441 2294 1694 2376 procedebant⁴.
1716 2294 1762 2357 Et
1781 2293 1912 2375 quidam
1930 2291 1970 2353 di·

386 2421 464 2470 cunt
483 2410 638 2493 epistolas
657 2410 735 2472 illos
756 2410 930 2492 loseplrum
954 2409 1167 2488 Catholicum,
1188 2431 1260 2472 cum
1282 2409 1448 2494 depositus
1468 2422 1561 2487 esset,
1578 2410 1830 2492 composuissei.
1850 2408 1892 2471 Et
1902 2420 1972 2490 post

387 2522 487 2586 urium
508 2545 632 2585 annum
654 2528 879 2609 castigationis
898 2547 981 2588 suae
1003 2538 1156 2588 mortuus
1181 2538 1240 2588 est.
1261 2525 1465 2588 Ministrarit
1486 2545 1561 2588 uero
1585 2526 1683 2586 annis
1712 2527 1760 2588 69.
1786 2522 1831 2585 Et
1852 2524 1972 2585 obiitin

386 2640 458 2702 alta
475 2653 648 2704 senectute.
670 2640 742 2703 Alii
758 2639 872 2704 dicunt
893 2661 966 2703 eum
982 2653 1059 2724 post
1075 2643 1113 2705 12
1137 2662 1257 2719 annos,
1273 2653 1451 2723 postquam
1474 2640 1613 2701 deutera
1627 2643 1697 2701 eius
1715 2639 1906 2723 obriguisset
1923 2638 1973 2699 ob·

387 2758 481 2833 iisse;
502 2776 627 2839 parum
643 2767 769 2819 exacte.

461 2989 578 3088 Igitur
597 2988 850 3062 Barhehraeus
877 2989 1021 3061 initium
1044 2988 1284 3062 catholicatus
1308 2991 1432 3088 Papae
1459 2988 1505 3060 ad
1531 3012 1666 3059 annum
1693 2986 1764 3058 266
1789 2985 1891 3085 ponit
1909 3008 1974 3056 non

388 3146 496 3195 secus
517 3133 625 3220 atque
645 3124 746 3207 Amr,
769 3122 889 3221 quoad
911 3121 1050 3221 reliqua
1073 3134 1196 3194 tamen
1219 3121 1369 3195 omnino
1391 3120 1626 3194 dissentiunt.
1646 3123 1744 3192 Inter
1768 3145 1828 3191 res
1847 3131 1970 3197 autem

388 3279 479 3352 quas
504 3254 757 3327 Barhebraeus
782 3255 894 3327 refert
920 3255 965 3328 de
990 3257 1102 3353 Papa,
1120 3254 1253 3327 summi
1276 3254 1450 3327 momenti
1470 3266 1526 3327 est
1547 3252 1729 3325 dissensio
1754 3252 1817 3324 illa
1839 3251 1972 3349 episco-

388 3412 516 3486 porum
536 3386 582 3458 ob
602 3412 712 3485 quam
731 3387 894 3485 synodus
917 3387 1106 3461 Seleuciae
1126 3399 1325 3460 convocata
1346 3400 1414 3460 est.
1438 3386 1495 3459 Ab
1512 3386 1580 3457 hoc
1600 3398 1723 3458 autem
1741 3396 1874 3457 eventu
1893 3407 1974 3483 pen-

388 3520 450 3594 det
482 3519 722 3620 chronologia
754 3533 854 3593 recta
886 3520 1008 3592 obitus
1037 3523 1158 3619 Papae
1193 3534 1229 3593 et
1262 3520 1408 3592 initium
1440 3518 1681 3591 catholicatus
1715 3520 1751 3590 S.
1788 3514 1972 3590 Simeonis

390 3652 565 3748 Quaestio
583 3666 704 3725 tamen
722 3653 793 3725 ista
814 3652 985 3750 perplexa
1008 3653 1116 3726 nimis
1142 3666 1215 3740 est;
1238 3652 1330 3724 duae
1352 3652 1449 3725 enim
1469 3651 1698 3723 narrationes
1722 3649 1871 3722 omnino
1896 3672 1975 3720 con-

388 3785 521 3857 trariae
541 3796 693 3858 eventus
721 3786 828 3857 huius
848 3787 945 3884 apud
964 3789 1076 3884 Syros
1095 3786 1413 3859 circumferuntur.
1441 3787 1605 3880 Quarum
1621 3782 1806 3881 antiquior
1825 3782 1863 3854 in
1881 3778 1975 3853 Actis

392 3920 429 3990 S.
453 3917 550 3990 Milis
572 3918 742 4014 martyris
762 3932 977 3990 conservata
999 3932 1067 4006 est,
1083 3943 1176 4014 quae
1201 3921 1337 4016 Papam
1365 3930 1493 3990 contra
1512 3914 1744 4014 disciplinam
1760 3910 1975 3988 ecclesiasti-

391 4076 470 4124 cam
498 4050 696 4148 deliquisse
725 4051 835 4122 refert
859 4063 895 4123 et
923 4052 1176 4151 episcoporum
1206 4050 1423 4124 seditionem
1453 4074 1604 4148 prorsus
1628 4049 1762 4121 iustam
1789 4043 1975 4121 rationahi·
2036 4048 2037 4131 l

452 4254 460 4292 ⁴
480 4252 626 4315 Messene
648 4253 810 4335 provincia
829 4254 924 4316 estin
945 4264 1035 4337 parte
1058 4253 1310 4337 Mesopotamiae
1331 4252 1531 4315 meridionali
1555 4251 1627 4313 sita.
1652 4250 1742 4313 Duae
1763 4259 1819 4313 aut
1820 4271 1870 4313 em
1890 4248 1976 4311 urhes

390 4360 450 4421 hac
465 4379 542 4420 voce
557 4358 790 4476 designantur:
807 4359 930 4423 Karka·
932 4360 970 4422 d·
972 4361 1036 4423 Mar
1028 4358 1146 4423 han:
1162 4360 1297 4422 Σπασίνου
1313 4354 1675 4440 qdpuEetPratMaihan
1690 4356 1895 4430 :Bassora;
1910 4353 1976 4416 hinc
2036 4432 2037 4453 Χ

391 4465 453 4527 dici
471 4464 584 4548 nequit
599 4485 690 4526 curus
704 4465 793 4528 urhis
808 4465 906 4529 antis
907 4487 942 4529 es
893 4467 1052 4530 luerit
1067 4466 1184 4529 David
2036 4544 2037 4557 χ

451 4570 703 4633 ²Barhehraeus
721 4571 828 4656 itaque
849 4582 983 4637 mortem
1007 4573 1113 4656 Papae
1136 4572 1175 4634 nd
1190 4593 1307 4635 annum
1330 4578 1390 4634 636
1412 4576 1448 4650 -l-
1463 4578 1482 4632 9
1498 4574 1535 4649 -Ι-
1559 4577 1633 4631 1:
1633 4535 1714 4632 646
1735 4569 1977 4633 Graecorum:

391 4683 450 4740 335
464 4678 564 4759 ponit,
582 4677 632 4739 eui
648 4678 839 4741 conveniunt
850 4680 924 4741 anni
939 4686 978 4741 69
993 4680 1246 4742 catholicatus
1218 4700 1300 4741 erus

451 4784 463 4820 ³
478 4783 549 4845 Una
563 4804 635 4845 cum
652 4764 820 4861 Sahdoste‚
837 4795 872 4848 ut
885 4796 978 4869 putat
990 4787 1069 4848 Amr
1083 4786 1255 4849 chronicon
1270 4784 1369 4847 Maris
1384 4793 1527 4846 secutus,

453 4889 644 4972 ⁴Epistolas
661 4912 677 4952 e
697 4890 807 4953 codice
826 4891 1050 4976 BorgianoK.
1070 4892 1113 4955 VI
1135 4892 1300 4955 transtulit
1321 4891 1456 4954 Braun'
1448 4911 1480 4952 rn
1498 4890 1686 4960 Zeitscltrift
1699 4892 1759 4971 sicr
1777 4885 1980 4951 Kotltolischc
2036 4878 2037 4947 l

399 4995 618 5080 Theologiet.
649 4996 765 5071 XVIII
788 5002 875 5074 1894,
897 5021 929 5082 p
952 5005 1008 5062 163
1028 5020 1100 5083 sqq
1122 5009 1207 5083 etp
1232 5003 1289 5061 546
1311 5019 1383 5082 sqq
1405 4995 1570 5080 Epistulae
1593 5006 1699 5058 autem
1720 4996 1800 5057 istae
1820 4994 1854 5056 in
1878 4991 1978 5056 codice

393 5101 447 5163 illo
472 5101 577 5184 Papae
597 5102 833 5166 adscribuntur,
856 5104 959 5167 Etiam
980 5104 1028 5167 St.
1050 5105 1087 5166 E.
1112 5106 1294 5182 Assemani‚
1319 5105 1404 5166 Acta
1426 5104 1485 5167 SS.
1511 5113 1697 5182 martyrum
1722 5100 1931 5163 orientalium
1954 5109 1981 5159 et

391 5207 653 5285 occidentalium,
673 5230 748 5293 pars
768 5209 792 5285 l,
813 5210 945 5286 Romae,
964 5216 1051 5287 1748,
1068 5233 1102 5294 p.
1119 5216 1169 5287 82,
1189 5222 1255 5274 not.
1279 5218 1325 5285 15,
1346 5210 1538 5272 mentionem
1560 5208 1639 5271 lacit
1657 5208 1856 5271 recensionIs
1873 5206 1979 5269 Arme·

390 5335 450 5376 nae
466 5315 498 5376 in
518 5314 598 5377 Cod.
616 5317 713 5378 Arah.
733 5317 805 5381 Vat.
829 5318 916 5381 XCV
939 5319 1093 5381 exstantis
1115 5319 1312 5403 inscriptae:
1333 5317 1413 5380 «De
1435 5317 1692 5380 dissensionibus
1708 5327 1739 5378 et
1754 5313 1978 5378 contradictio·

391 5422 497 5499 nibus,
514 5443 600 5504 quae
615 5443 657 5485 er
670 5425 827 5506 strperbt'a
842 5429 996 5487 oriuntur
1012 5451 1039 5487 n.
1057 5425 1204 5487 Meminit
1220 5426 1316 5487 etiam
1338 5424 1493 5507 epistolae
1511 5449 1525 5480 r
1546 5422 1596 5485 De
1612 5421 1798 5485 Ambitione
1814 5448 1829 5479 o
1848 5418 1977 5500 inscrip·
2036 5488 2037 5499 χ

391 5537 441 5589 tae
458 5537 499 5599 et,
514 5537 595 5590 teste
610 5529 731 5604 codice,
748 5551 766 5592 a
781 5529 895 5592 Iacobo
911 5531 1063 5594 Nisibeno
1078 5532 1119 5594 ad
1133 5531 1289 5613 synodum
1307 5530 1532 5593 Seleucensem
1549 5530 1677 5591 missae.

450 5635 463 5672 ³
478 5634 634 5718 Iosephus
648 5635 708 5698 iste
730 5656 813 5698 anuo
827 5642 884 5698 554
908 5638 1064 5719 synodum
1086 5638 1210 5711 hahuit,
1232 5637 1343 5700 ahloh
1359 5637 1461 5700 multa
1476 5636 1670 5699 facinora'ah
1690 5634 1853 5717 episcopIs
1867 5633 1976 5696 Nesto·

390 5742 489 5803 rianis
500 5742 683 5825 increpatus
698 5752 729 5805 et
742 5742 838 5825 paulo
852 5753 927 5825 post
941 5744 1106 5827 depositus
1119 5755 1179 5808 est.
1195 5745 1326 5821 (Braun,
1343 5743 1415 5806 Das
1432 5743 1525 5806 Buclt
1538 5742 1598 5804 der
1606 5740 1792 5824 Synltudos‚
1805 5762 1838 5825 p.
1857 5745 1912 5802 145
1923 5748 1976 5819 sqj
2036 5778 2037 5865 q
