4120 6458
238 476 522 542 SCRIPTOHUM
545 479 813 543 TESTIMONIA
834 479 891 543 DE
914 478 1185 544 BARDESANIS
1208 479 1321 555 VlTA,
1347 479 1554 543 SCRIPTIS.
1636 482 1695 541 494

102 656 145 728 ad
161 655 389 729 Antoninum
408 683 453 730 ex
473 661 606 731 Emesa
625 661 693 752 (τοῦ
713 662 744 746 ἐξ
764 660 916 756 Ἐμεσῶν)
939 658 1073 759 missos
1093 673 1130 732 et
1149 684 1194 732 ex
1212 684 1338 732 eorum
1357 658 1630 732 narrationibus
1650 658 1696 730 li-

102 788 203 861 brum
232 790 464 889 scripsisse⁴.
489 791 698 865 Antoninus
719 791 779 865 ille
804 805 861 865 est
881 791 1113 891 Heliogabal,
1138 792 1199 891 qui
1223 792 1291 865 luit
1312 793 1510 892 imperator
1534 792 1580 865 ab
1600 818 1695 865 anuo

102 922 169 994 218
183 948 302 1021 usque
322 925 369 996 ad
384 950 519 997 annum
539 925 623 996 222.

171 1056 354 1130 Eusebius
383 1058 515 1132 tradit²
544 1058 791 1132 Bardesanem
828 1059 1020 1158 scripsisse
1051 1058 1165 1131 libros
1196 1058 1371 1132 adversus
1404 1059 1627 1133 Marcionem
1659 1072 1695 1132 et

102 1188 202 1275 alios,
224 1215 369 1263 necnon
389 1190 636 1288 percelebrem
650 1192 694 1264 de
716 1195 806 1265 Fato
821 1191 1010 1291 dialogum
1030 1191 1077 1264 ad
1089 1192 1347 1277 Antoninum³,
1366 1204 1403 1264 et
1422 1191 1515 1265 alios
1532 1218 1598 1290 pro
1619 1193 1696 1266 suis

102 1321 290 1420 discipulis
305 1322 474 1424 dialogos
495 1324 557 1424 qui
577 1350 597 1397 e
614 1325 764 1423 Syriaca
784 1325 912 1423 lingna
925 1325 961 1396 in
978 1325 1154 1397 Graecam
1173 1325 1341 1396 conversi
1355 1338 1452 1398 sunt.

171 1457 277 1528 luxta
293 1455 550 1556 Epiphanium,
569 1457 799 1531 Bardesanes
813 1458 859 1530 ab
875 1457 1091 1557 Apollonio⁴
1109 1457 1338 1557 imperatoris
1354 1457 1524 1530 familiari
1540 1471 1696 1557 rogatus

102 1600 139 1660 ut
156 1587 395 1661 christianam
414 1588 523 1662 fidem
544 1590 746 1671 desereret,
765 1590 954 1688 respondit
973 1615 1012 1662 se
1033 1604 1186 1662 mortem
1206 1615 1279 1661 non
1298 1590 1426 1663 timere
1441 1601 1478 1663 et
1493 1591 1597 1688 quasi
1612 1616 1697 1664 cou-

103 1720 277 1793 fessorem
296 1720 382 1794 fidei
404 1747 444 1794 se
463 1723 672 1822 praestitit:
699 1726 900 1813 Ἀπολλωνίῳ
919 1719 955 1794 δὲ
979 1735 1025 1813 τῷ
1048 1737 1101 1793 τοῦ
1123 1725 1310 1794 Ἀντωνίνοο
1331 1704 1437 1821 ἑτοίρῳ
1456 1729 1568 1821 ἀντῇρε
1588 1754 1696 1821 παραι-

101 1864 230 1950 νούμνος
255 1860 439 1951 ἀρνήσασθαι
456 1863 493 1927 τὸ
514 1862 686 1955 χριοτιανὸν
709 1860 980 1955 {praedabimini
1003 1854 1038 1927 δὲ
1059 1853 1170 1954 σχεδὸν
1195 1863 1224 1927 ἐν
1249 1855 1335 1939 τάξει
1356 1861 1523 1954 ὁμολογίας
1545 1864 1695 1941 κατέστη,

101 1993 202 2084 λόγους
216 2018 252 2060 τε
272 1993 409 2071 συνετοὺς
431 1991 629 2086 ἀποκρίνοιτο,
651 1996 724 2086 ὑπὲρ
745 1990 894 2069 abscisior
917 1985 1060 2087 ἀνδρείως
1081 1996 1336 2087 ἀπολογούμενος,
1355 1993 1484 2061 θάνατον
1505 1996 1547 2085 μὴ
1566 1988 1697 2061 δεδιέναι

103 2127 205 2217 piore,
229 2123 265 2194 ὃν
284 2128 401 2221 ἀνάγκη
421 2132 561 2212 isserat,
584 2128 641 2194 mis
662 2154 696 2194 τε
713 2138 758 2214 τῷ
779 2131 901 2213 βασιλεῖ
927 2131 968 2220 μὴ
989 2126 1167 2194 ἀντείποιῧ.
1192 2126 1283 2209 Quin
1302 2126 1405 2195 elium
1428 2126 1606 2217 Apollonio
1623 2131 1698 2196 An-

104 2257 208 2328 tonini
224 2259 414 2350 familiari,
439 2269 477 2328 ut
501 2282 537 2328 se
555 2259 783 2330 christianum
807 2270 945 2350 neparet
966 2258 1143 2341 suadenti,
1167 2260 1377 2350 acquiescere
1400 2259 1526 2341 nalrtit,
1554 2282 1594 2328 ac
1612 2281 1697 2350 pro-

101 2391 275 2480 pemodum
298 2394 389 2462 inter
407 2392 489 2484 fidei
513 2395 715 2484 confessores
739 2392 867 2462 relatus
890 2403 949 2462 est.
982 2392 1116 2462 Etenim
1138 2392 1280 2483 pietatis
1297 2392 1492 2485 patrocinia
1513 2392 1697 2484 fortissime

101 2535 246 2617 suscepto
274 2524 446 2617 sapienter
470 2527 632 2617 inprimis
665 2526 852 2618 respondit,
884 2528 1086 2617 reponitque
1113 2536 1252 2594 mortem
1277 2547 1312 2594 se
1343 2528 1459 2595 timere
1488 2527 1597 2609 cuites,
1634 2528 1698 2595 etsi

103 2659 297 2748 imperatori
321 2680 388 2727 nan
406 2657 586 2740 resisteret,
610 2659 677 2729 sibi
695 2659 922 2730 nibilominus
942 2659 1121 2728 necessitas
1141 2659 1345 2729 immineret.

171 2790 208 2860 S.
235 2788 480 2887 Hieronymus
505 2788 614 2861 etiam
634 2788 763 2862 scribit
790 2817 797 2860 ι
820 2792 951 2862 Ardens
973 2792 1047 2861 eius
1066 2815 1088 2861 a
1109 2793 1208 2883 Syris
1224 2791 1447 2884 praedicatur
1469 2794 1647 2882 inpenium
1666 2804 1697 2861 et

100 2921 134 2991 ia
162 2923 394 3015 disputatione
418 2925 604 3007 uehemens,
630 2925 771 3017 scripsit
798 2926 939 3017 infinita
960 2925 1121 2995 aduersus
1144 2947 1258 2994 omnes
1278 2947 1390 3016 paene
1413 2925 1607 3008 haereticos,
1638 2925 1698 3016 qui

101 3067 204 3127 aetate
219 3058 293 3127 eins
302 3058 565 3149 pullulaverant
580 3058 617 3127 in
637 3059 758 3150 quibus
777 3059 992 3128 clarissimus
1007 3068 1056 3127 est
1073 3069 1106 3127 et
1123 3059 1332 3150 fortissimus
1353 3058 1446 3141 liber,
1467 3081 1564 3149 quem
1583 3061 1696 3128 Marco

99 3190 266 3260 Antonino
288 3190 329 3260 de
351 3193 422 3282 fata
443 3191 600 3275 tradidit,
620 3203 651 3260 et
674 3192 784 3261 inulta
807 3192 882 3261 alia
900 3214 1001 3283 super
1018 3192 1252 3283 persecutione
1269 3191 1460 3273 volumina,
1481 3213 1567 3282 quae
1585 3202 1696 3261 secta-

98 3332 178 3393 tores
202 3324 277 3393 eius
296 3324 336 3394 de
349 3346 434 3415 spra
454 3324 577 3416 liupua
598 3335 771 3395 verterunt
791 3325 829 3393 ia
847 3347 1023 3415 praecem,
1047 3327 1079 3394 si
1097 3335 1210 3394 autem
1232 3337 1329 3395 tanta
1348 3326 1399 3394 uis
1413 3336 1461 3394 est
1475 3334 1507 3393 et
1524 3324 1640 3415 sulpur
1658 3327 1696 3395 in

100 3456 381 3549 interpretatione,
401 3468 568 3549 quantum
583 3468 750 3550 putamus
769 3458 806 3526 in
826 3480 978 3528 sermone
992 3460 1131 3550 proprio
1143 3457 1170 3527 ⁶.
1484 3554 1489 3562 .

167 3587 299 3682 Quoad
321 3601 462 3685 tempus
478 3588 607 3661 mortis
623 3588 703 3660 elus
719 3587 808 3660 dicit
829 3587 1074 3687 Epiphanius¹
1095 3615 1102 3657 :
1119 3586 1256 3682 deiparae
1278 3594 1330 3683 μὲν
1350 3587 1429 3683 μετὰ
1448 3596 1503 3667 τὴν
1519 3591 1629 3658 ἐκείνου
1645 3600 1696 3658 τέ·

97 3730 203 3800 lauria
226 3732 298 3819 ἄχρι
317 3736 378 3793 τῶν
398 3726 513 3819 χρόνον
531 3725 712 3794 Ἀντωνίνου
732 3724 907 3819 Καίσαρος,
922 3730 954 3793 οὐ
968 3734 1021 3792 τοῦ
1041 3719 1193 3803 Εὐσεέοῦς
1213 3731 1411 3817 καλουμένου,
1436 3726 1519 3793 ἀλλὰ
1536 3738 1589 3793 τοῦ
1609 3728 1696 3800 Oini-

101 3883 157 3947 pn.
177 3860 256 3927 Post
281 3858 354 3926 eius
378 3858 549 3949 (Aiparis)
573 3857 699 3927 obitum
724 3858 770 3926 ad
791 3859 935 3928 Antonii
962 3857 1120 3927 Caesaris
1147 3881 1252 3949 usque
1279 3867 1428 3949 tempora
1448 3860 1691 3948 perseveravit,

103 4011 166 4058 aon
185 3991 253 4073 Pii,
277 3990 334 4059 sed
356 3991 440 4060 Veri.
463 3987 536 4061 Sed
553 3987 688 4060 Lucius
703 3991 823 4062 Verus
841 4000 1007 4060 mortuus
1025 3999 1082 4060 est
1098 4013 1194 4059 anno
1218 3988 1299 4073 169,
1321 3987 1466 4060 videtur
1489 4013 1579 4086 ergo
1602 4014 1696 4060 erra·

98 4119 191 4194 visse
207 4121 471 4219 Epiphanium;
494 4134 530 4194 et
549 4120 748 4220 legendum
772 4135 829 4194 ost
852 4127 935 4192 ἀλλὰ
953 4136 1007 4193 τοῦ
1028 4120 1061 4202 ἐξ
1086 4121 1242 4217 Ἐμεσῶν,
1264 4134 1305 4194 ut
1330 4119 1514 4194 scribebat
1533 4122 1696 4219 Porphy-

103 4252 191 4342 rius,
219 4254 360 4327 scilicet
393 4252 611 4354 Heliogabal
640 4254 726 4347 (vid.
760 4260 892 4350 supra).
924 4253 1081 4328 Videtur
1114 4254 1342 4353 Epiphanius
1373 4267 1513 4328 textum
1545 4254 1695 4328 Eusebii

17 4402 18 4409 ’
99 4410 284 4486 perperam
303 4387 565 4487 interpretatus
586 4413 667 4460 esse
684 4389 770 4481 (vid.
789 4393 883 4483 infra
904 4391 922 4482 ἓ
944 4390 989 4476 ΙΙ,
1013 4415 1046 4486 p.
1072 4388 1170 4483 510).

164 4610 199 4681 4.
220 4612 269 4684 Ut
299 4622 402 4683 notat
422 4612 460 4683 S.
484 4610 747 4709 Hieronymus,
770 4610 907 4708 scripta
926 4610 1115 4683 innumera
1140 4611 1345 4708 composuit
1370 4612 1545 4683 adversus
1566 4634 1692 4682 omnes

154 4850 161 4884 ⁴
179 4849 337 4912 Stobaeus
359 4848 592 4933 (Eclogphps.
603 4847 628 4923 l,
640 4852 670 4923 4,
686 4852 736 4931 56)
747 4849 851 4912 citans
865 4848 1091 4933 Porphyrium,
1101 4850 1149 4912 De
1163 4863 1265 4934 styge.
1281 4849 1330 4913 ΕΙ.
1343 4849 1477 4934 Fragm.
1487 4851 1561 4912 hist.
1571 4871 1685 4934 graec.

97 4961 120 5013 t.
136 4953 161 5017 v
175 4956 206 5031 b,
222 4955 328 5023 Paris,
345 4960 433 5029 1872,
451 4977 483 5039 p.
501 4960 608 5018 ‹se-ce.
884 4992 889 5002 -
977 4935 980 4941 “
1630 4990 1633 4995 ,

152 5062 163 5099 ²
178 5062 219 5125 H.
235 5062 291 5137 E.,
309 5063 370 5124 loc.
385 5065 439 5124 cit.

150 5168 215 5231 ³Ad
224 5167 582 5243 blareumAntoninum,
587 5169 679 5252 juxta
689 5168 722 5231 S.
733 5168 932 5244 llieron.‚De
940 5172 1017 5232 n'rts
1025 5170 1072 5233 ill.
1090 5190 1118 5232 c.
1131 5176 1180 5233 33.
1190 5170 1432 5254 Legendumest
1442 5170 1481 5233 ad
1489 5169 1689 5254 Heliogabal.

151 5274 162 5311 ⁴
181 5274 303 5339 Forsan
319 5275 508 5360 Apollonius
525 5274 667 5349 Stoicus,
689 5296 784 5359 quem
804 5277 985 5340 Antoninus
1004 5275 1081 5339 Pius
1101 5297 1120 5339 a
1140 5276 1269 5340 Chalcis
1293 5278 1326 5339 in
1349 5277 1476 5360 Syriam
1498 5277 1630 5339 adduxit
1650 5276 1690 5337 ad

97 5376 308 5445 edocationem
322 5381 423 5444 Marci
438 5381 571 5444 Aurelii.
588 5381 638 5445 ΕΙ.
656 5381 851 5466 Hilgenfeld,
868 5403 899 5465 p.
920 5388 967 5445 10.

151 5488 251 5552 ⁵Loc.
269 5493 323 5551 cit.

150 5594 250 5658 ‘Lae
268 5599 321 5658 cit.
340 5596 374 5659 S.
391 5594 478 5658 Hier.
501 5596 645 5680 sequitur
660 5595 848 5659 Eusebium.

150 5701 248 5765 'Lea
266 5705 319 5764 cit.

196 5820 261 5853 rm.
273 5820 321 5852 m.
336 5832 363 5841 ···
376 5820 397 5853 I'.
410 5820 426 5855 Ι,
439 5821 460 5855 Τ.
475 5821 499 5853 ΙΙ.
