4108 6458
358 482 414 545 DE
437 480 539 545 VITA
560 479 615 542 ET
638 477 831 544 SCRIPTIS
855 477 889 539 S.
913 476 1115 541 SIMEONIS
1138 475 1223 541 ΒΑΗ
1245 477 1431 542 SABBA‘E.
1637 487 1696 545 673

172 675 228 746 Ex
242 672 300 744 his
315 670 476 769 Agapeti
490 667 612 741 verbis
628 668 718 741 haec
734 665 988 739 deducuntur:
1008 668 1088 738 Mar
1103 668 1202 765 Papa
1218 666 1360 764 aliquos
1377 666 1695 767 suffraganeorum

94 830 250 880 suorum
270 828 426 878 censura
449 801 700 876 ecelesiastica
717 824 885 873 coercere
909 797 1037 871 voluit.
1062 798 1107 870 Hi
1129 798 1257 898 igitur,
1274 813 1315 873 ut
1339 824 1478 899 poenas
1502 802 1573 874 sibi
1598 802 1695 875 inlli-

94 938 241 1039 gendus
264 938 485 1035 effugerent,
509 934 651 1008 litteras
671 931 933 1006 diffamatorias
957 944 1084 1004 contra
1107 954 1191 1006 eum
1216 946 1500 1031 composuerunt
1524 947 1560 1008 et
1585 935 1695 1035 longe

92 1072 244 1170 lateque
264 1070 513 1168 divulgarunt.
538 1070 733 1140 Praeterea
752 1066 931 1165 quosdam
953 1065 1208 1164 episcoporum
1224 1063 1403 1139 bonorum
1416 1079 1543 1140 contra
1560 1071 1695 1167 Papam

94 1204 315 1286 excitarunt,
339 1201 489 1301 perinde
510 1200 601 1273 acsi
622 1225 661 1272 se
681 1212 809 1273 contra
830 1198 1083 1297 suffraganeos
1104 1223 1191 1270 suos
1209 1199 1401 1273 extolleret
1415 1225 1552 1299 eosque
1568 1215 1695 1275 contra

92 1337 152 1409 ius
174 1350 213 1410 et
234 1335 288 1408 las
311 1346 499 1408 tractaret.
524 1333 590 1404 His
609 1334 732 1431 itaque
754 1331 951 1431 agentibus
977 1330 1149 1430 Synodus
1172 1331 1361 1406 Seleuciae
1386 1333 1524 1407 indicta
1550 1349 1618 1418 est,
1642 1336 1695 1407 uti

92 1471 190 1542 Acta
218 1471 256 1543 S.
279 1467 377 1542 Milis
402 1467 576 1551 referunt,
600 1465 662 1537 ubi
681 1468 781 1561 Papa
803 1490 824 1536 a
847 1466 885 1537 S.
914 1464 998 1536 Mile
1015 1464 1252 1537 vehementer
1274 1464 1481 1565 increpatus
1511 1480 1584 1553 est;
1613 1493 1695 1541 eum

91 1628 184 1675 vero
205 1602 311 1673 Miles
331 1600 377 1673 ad
397 1592 598 1674 sententias
619 1624 705 1671 suas
725 1597 933 1696 probandas
953 1596 1193 1697 Evangelium
1212 1598 1433 1686 invocasset,
1456 1601 1695 1674 exacerbatus

93 1738 199 1833 Papa
214 1734 378 1807 codicem
393 1732 583 1832 Evangelii
604 1730 698 1804 sacri
714 1729 897 1829 percussit
912 1742 949 1802 et
964 1729 1001 1800 in
1021 1729 1089 1802 hac
1111 1730 1354 1804 commotione
1373 1733 1695 1806 vehementissima

92 1867 259 1967 paralysi
278 1866 470 1966 perculsus
491 1878 560 1950 est,
588 1865 685 1962 quod
706 1862 843 1935 inimici
868 1863 948 1936 eius
972 1862 1102 1935 ultioni
1127 1863 1271 1936 divinae
1295 1862 1500 1938 tribuentes
1522 1866 1695 1939 miserum

92 2022 136 2069 eo
160 1995 283 2095 magis
310 1994 581 2067 diffamavere¹.
606 1994 664 2065 An
689 1991 907 2065 interventio
934 2019 952 2061 (ι
978 1993 1128 2064 Patrum
1150 1991 1364 2065 Occidentis
1386 2024 1403 2060 ιι
1432 1994 1478 2066 de
1502 2019 1574 2092 qua
1593 1996 1695 2093 Aga-

91 2141 205 2228 petus
226 2128 386 2226 loquitur
407 2139 531 2226 patres
559 2127 596 2198 in
617 2124 758 2223 synodo
783 2125 944 2198 Nicaena
967 2137 1215 2224 congregatos
1241 2124 1424 2223 designet,
1450 2127 1529 2200 erui
1549 2126 1692 2224 nequit;

92 2287 181 2334 nam
202 2262 395 2360 Agapetus
415 2259 525 2332 simili
545 2258 653 2332 modo
674 2257 836 2357 loquitur
858 2257 1098 2330 demissione
1119 2261 1297 2342 Merulae,
1321 2259 1383 2357 qui
1410 2258 1455 2330 ab
1477 2259 1695 2358 imperatore

91 2393 307 2468 Theodosio
330 2392 429 2465 nulla
454 2391 718 2465 interveniente
747 2389 890 2487 synodo
917 2390 962 2461 ad
990 2389 1129 2463 similes
1162 2390 1395 2464 difficultates
1425 2392 1696 2491 componendas

91 2527 296 2625 deputatus
322 2538 393 2599 est.

167 2659 256 2732 Alia
280 2658 475 2731 difficultas
505 2658 542 2729 in
572 2682 615 2730 eo
637 2657 708 2729 sita
728 2655 903 2754 estquod
923 2656 1097 2740 nescitur,
1127 2668 1251 2728 utrum
1272 2657 1453 2756 episcopi,
1485 2683 1578 2757 quos
1599 2663 1696 2758 Papa

89 2792 227 2892 punire
260 2791 388 2876 voluit,
419 2790 764 2888 Archiepiseopatui
796 2788 1009 2863 Seleucensi
1032 2788 1261 2862 subordinati
1283 2789 1432 2877 luerint,
1464 2816 1511 2863 an
1542 2817 1630 2865 vero
1650 2791 1696 2864 ad

87 2924 322 3024 provinciam
339 2923 545 2996 Huzitidem
560 2921 819 3022 pertinuerint3
833 2922 879 2995 ab
895 2921 964 2994 hoc
977 2934 1099 2995 autem
1114 2923 1249 3020 pendet
1262 2924 1429 3020 quaestio
1443 2949 1489 2996 an
1506 2927 1604 3022 Papa
1624 2925 1695 2997 iam

87 3071 181 3131 tunc
202 3057 495 3130 iurisdictionem
517 3055 763 3154 primatialem
785 3053 1003 3128 exercuerit.
1025 3055 1158 3152 Liquet
1178 3054 1276 3127 enirn
1296 3081 1393 3141 eum,
1417 3071 1458 3130 ut
1481 3057 1695 3157 metropoli-

86 3205 182 3278 tam,
205 3190 264 3264 ius
286 3190 333 3263 ad
354 3189 454 3263 solos
470 3189 724 3289 suffraganeos
750 3213 838 3261 suos
865 3212 1020 3260 censura
1043 3189 1265 3262 coercendos
1288 3189 1480 3276 habuisse3
1497 3191 1528 3262 si
1543 3190 1695 3289 proinde

86 3324 188 3397 alios
209 3323 405 3422 episcopos
425 3347 571 3421 quoque
593 3323 809 3420 punivisset,
835 3334 897 3394 aut
920 3320 992 3393 dici
1019 3320 1169 3394 deberet
1192 3322 1397 3395 Seleuciam
1422 3323 1537 3395 solam
1564 3336 1695 3397 metro·

85 3456 297 3556 politanam
329 3456 443 3529 luisse
473 3455 611 3540 sedem,
643 3468 705 3528 aut
735 3452 1014 3555 supponendum
1048 3467 1146 3527 esset
1179 3480 1262 3528 eum
1291 3455 1363 3527 iam
1397 3468 1481 3529 ante
1515 3457 1696 3554 synodum

85 3591 297 3663 Niceanam
318 3600 539 3688 potestatem
560 3587 805 3687 primatialem
832 3587 1041 3661 exercuisse
1061 3587 1190 3661 eadem
1213 3588 1355 3662 ratione
1376 3614 1447 3687 qua
1467 3591 1643 3663 exarchae
1657 3590 1695 3662 in

84 3688 236 3796 ditione
252 3746 414 3794 romana.
441 3722 533 3794 Cum
553 3745 663 3820 porro
683 3721 784 3794 iuxta
799 3744 958 3793 canones
977 3719 1308 3818 pseudonieaenos,
1328 3746 1483 3819 quorum
1498 3722 1695 3795 auctoritas

84 3855 200 3927 facile
220 3853 345 3952 sperni
369 3853 508 3952 nequit,
536 3853 779 3926 catholicatus
800 3852 963 3952 dignitas
984 3852 1177 3951 metropoli
1207 3853 1419 3927 Seleucensi
1443 3853 1626 3927 adtributa
1650 3853 1695 3926 ab

83 3988 160 4060 hac
182 3985 328 4084 synodo
353 3986 514 4058 Nicaena
541 3985 738 4070 derivetur,
761 3984 859 4057 haud
885 3984 992 4056 facilc
1016 3984 1249 4083 intelligitur,
1271 4012 1343 4084 qua
1364 3986 1506 4059 ratione
1533 3986 1695 4085 episcopi

82 4118 305 4192 immediate
341 4131 426 4216 post
462 4117 644 4217 synodum
678 4118 936 4191 auctoritatem
967 4117 1212 4219 primatialem
1244 4122 1365 4219 Papae
1397 4119 1541 4218 agressi
1575 4120 1690 4205 sint²;

81 4251 210 4324 multo
241 4249 470 4350 probabilius
494 4263 551 4324 est
589 4253 740 4349 Papam,
772 4250 835 4349 qui
867 4263 962 4323 teste
986 4249 1138 4323 Abdiso‘
1171 4263 1327 4349 quatuor
1357 4253 1695 4352 archiepiscopatus

78 4384 246 4467 creavit,
265 4384 338 4456 iam
357 4397 441 4456 ante
459 4384 639 4482 synodum
662 4385 855 4456 exarcham
876 4383 1000 4483 egisse
1021 4397 1057 4457 et
1073 4383 1110 4454 in
1130 4384 1198 4456 hac
1215 4385 1392 4482 qualitate
1410 4386 1604 4484 episcopos
1625 4385 1694 4457 sibi

78 4517 253 4591 rebelles
268 4541 501 4614 compescere
517 4517 692 4604 voluisse,
709 4518 772 4616 qui
792 4544 874 4590 cum
898 4517 1026 4590 relatio
1049 4516 1361 4592 subordinationis
1384 4519 1526 4592 sedium
1546 4544 1694 4592 suarum

78 4650 195 4725 nulla
226 4649 347 4722 adhuc
378 4650 595 4725 auctoritate
627 4652 777 4725 definita
807 4652 956 4737 luisset,
987 4674 1026 4721 se
1060 4649 1180 4722 eidem
1206 4651 1379 4725 facillime
1409 4678 1593 4753 opponere
1627 4678 1695 4751 po·

76 4794 258 4858 tuerunt.

147 5067 159 5104 ⁴
178 5064 365 5148 Descriptio
382 5077 515 5129 eventus
534 5066 630 5128 huius
646 5087 728 5149 quae
749 5066 889 5150 partium
905 5067 1047 5129 studium
1067 5068 1169 5151 spirat
1188 5068 1308 5152 legitur
1328 5069 1424 5131 etiam
1444 5069 1476 5131 in
1491 5069 1565 5132 Vita
1587 5091 1612 5131 s.
1633 5067 1694 5130 Eu-

76 5173 181 5259 genii
198 5170 245 5253 (P.
262 5170 397 5255 Bedjan,
411 5173 497 5235 Acta
512 5185 697 5253 martyrum
715 5186 746 5235 et
759 5187 961 5254 sanctorum,
978 5184 1002 5237 t.
1017 5174 1072 5250 ΙΙΙ,
1088 5175 1225 5258 Lipsiae,
1246 5181 1332 5251 1893,
1347 5197 1379 5259 p.
1395 5179 1477 5259 433),
1493 5197 1573 5260 quae
1587 5186 1693 5237 tamen

76 5278 194 5344 multo
207 5277 367 5340 recentior
378 5289 438 5355 est,
453 5300 549 5363 quarn
564 5281 645 5343 Acta
660 5281 693 5343 S.
708 5280 805 5343 Milis.

146 5384 162 5423 ²
181 5382 416 5462 Barhebraeus,
431 5395 466 5447 ut
484 5386 633 5461 vidimus,
648 5388 806 5469 synodum
824 5386 911 5448 illam
932 5408 1015 5450 anno
1034 5396 1109 5471 post
1125 5388 1298 5451 Nicaenam
1318 5388 1460 5454 habitam
1475 5409 1547 5452 esse
1568 5388 1690 5461 statuit,

74 5495 147 5557 hoc
161 5498 274 5552 tamen
289 5490 368 5553 nihil
383 5492 508 5575 probat,
524 5513 598 5555 nam
613 5493 833 5556 Barhebraeus
847 5514 949 5557 annos
963 5494 1173 5558 catholicatus
1195 5494 1302 5578 Papae
1319 5494 1359 5556 ab
1375 5515 1457 5559 anno
1472 5502 1531 5559 266
1549 5503 1695 5557 numerat

73 5611 112 5663 et
129 5594 345 5681 apoplexiam
363 5598 432 5661 eius
450 5618 549 5661 unum
563 5620 681 5662 annum
704 5600 838 5664 durasse
858 5601 984 5680 statuit;
1001 5611 1037 5664 ut
1051 5612 1284 5686 consequenter
1298 5601 1441 5685 synodus
1460 5603 1516 5665 illa
1535 5621 1618 5665 anno
1636 5606 1694 5663 335

73 5727 120 5771 ex
138 5710 255 5768 mente
268 5702 339 5766 eius
352 5704 512 5768 celebrata
524 5707 577 5770 sit.

201 5818 270 5853 rare.
284 5820 336 5853 arn.
349 5835 375 5843 -
389 5823 410 5857 r.
425 5823 440 5856 r.
452 5824 475 5858 r.
489 5824 513 5857 rr
1554 5818 1580 5860 ²³
