4108 6458
573 474 630 537 DE
652 472 981 537 PERSECUTIONE
1006 471 1198 538 SAPORlS.
1627 484 1684 544 691

90 666 238 767 plicium
268 663 424 739 subierit
452 663 550 736 Mani
581 674 747 760 tempore
778 661 928 760 Saporis
959 663 988 747 1,
1015 660 1170 735 ludaeos
1204 687 1291 736 vero
1320 687 1417 736 saec.
1445 667 1496 736 lll
1529 681 1684 740 exeunte

90 801 253 875 diversas
286 797 563 898 persecutiones
597 819 794 894 perpessos
829 819 913 868 esse
943 794 1099 868 Talmud
1131 796 1240 869 docet
1271 795 1423 893 (lebam.
1456 797 1563 893 63l)'.
1592 802 1686 873 Num

90 932 287 1008 Christiani
302 932 491 1006 meliorem
520 942 656 1003 sortem
680 928 819 1027 experti
846 928 938 1013 sint,
957 953 1031 1001 non
1056 942 1216 1016 constat,
1240 931 1470 1002 Constantini
1497 932 1623 1030 Magni
1641 934 1688 1006 ad

90 1072 264 1165 Saporem
297 1063 475 1163 epistola²
508 1062 598 1135 nihil
633 1062 768 1161 prodit,
797 1060 894 1134 unde
932 1061 1224 1135 concludendum
1252 1076 1352 1136 esset
1386 1063 1616 1137 Christianos
1650 1065 1686 1137 in

91 1199 239 1274 Perside
258 1210 410 1271 vexatos
433 1221 529 1271 esse.

161 1335 311 1406 Certum
330 1343 452 1404 autem
476 1341 534 1403 est
557 1328 678 1402 medio
700 1327 847 1401 saeculo
863 1329 914 1401 lV
935 1326 1154 1401 Christianis
1177 1328 1215 1401 in
1237 1331 1501 1427 Mesopotamia
1524 1343 1689 1429 tempora

90 1464 317 1564 probationis
341 1464 535 1537 diuturnae
558 1462 752 1546 institisse,
775 1474 868 1559 qu'ae
892 1486 1014 1535 rerum
1038 1462 1191 1534 mutatio
1218 1475 1348 1560 sponte
1377 1464 1535 1561 quadam
1563 1477 1688 1537 secuta

92 1610 147 1671 est
159 1597 352 1671 uictoriam
371 1596 484 1683 illam,
500 1620 609 1694 quarn
629 1594 922 1668 christianismus
937 1594 975 1667 in
990 1594 1190 1668 Occidente
1206 1595 1251 1668 de
1266 1620 1413 1694 pagana
1430 1597 1689 1694 superstitione

93 1731 302 1831 reportavit.
322 1729 521 1804 Christiani
541 1728 637 1801 enirn
649 1727 825 1811 Persidis,
841 1753 923 1800 cum
938 1727 1132 1826 praecipue
1152 1727 1312 1801 nationis
1331 1727 1545 1802 Aramaicae
1566 1741 1690 1803 essent

91 1877 127 1938 et
145 1864 294 1937 vinculo
315 1877 394 1937 turn
418 1862 610 1962 religionis
634 1875 713 1933 tum
732 1859 889 1959 originis
908 1885 991 1935 eum
1010 1860 1184 1933 fratribus
1207 1860 1244 1931 in
1258 1874 1362 1958 parte
1385 1861 1604 1935 occidentali
1627 1863 1691 1934 im·

91 1997 182 2095 perii
213 1996 367 2070 Romani
394 1994 629 2095 degentibuS,
659 1995 984 2094 coniungerentur,
1014 2006 1122 2092 atque
1149 1993 1187 2066 in
1214 1993 1382 2067 confiniis
1405 1996 1597 2093 utriusque
1622 1996 1692 2068 im-

92 2130 183 2230 perii
202 2129 381 2218 viverent,
399 2154 493 2227 quae
507 2152 618 2202 causa
635 2139 740 2200 erant
759 2126 878 2200 litium
897 2126 1149 2224 bellorumque
1168 2139 1415 2213 cruentorum,
1434 2128 1531 2201 haud
1547 2128 1690 2215 mirum,

93 2263 122 2336 si
143 2266 279 2337 Persae
303 2261 607 2362 propagationem
632 2248 895 2333 christianismi
914 2286 997 2333 curn
1016 2259 1138 2333 animo
1162 2260 1270 2333 anxio
1292 2261 1574 2335 considerabant
1595 2276 1695 2336 etex

93 2396 207 2469 altera
222 2408 326 2494 parte
346 2420 498 2495 prorsus
516 2392 736 2492 intelligible
754 2404 812 2466 est
832 2393 1061 2467 Christianos
1080 2392 1281 2467 Aramaeos
1296 2392 1335 2466 in
1350 2394 1499 2467 Perside
1515 2395 1694 2494 degentes

92 2529 314 2629 praetulisse
346 2556 364 2598 <t
398 2530 635 2601 Caesarem»
665 2558 682 2592 «
711 2525 805 2625 Regi
835 2529 978 2625 Regum
1007 2553 1024 2595 r
1053 2524 1121 2599 sub
1152 2525 1257 2599 cuius
1286 2527 1439 2626 imperio
1467 2552 1557 2626 pace
1586 2527 1696 2601 dubia

94 2661 326 2737 fruebantur.
345 2661 553 2760 aphraates
582 2659 731 2757 quidem
754 2658 1079 2757 praedilectionem
1103 2684 1208 2732 suam
1229 2683 1319 2759 erga
1345 2660 1538 2758 imperium
1562 2664 1696 2734 Rorna-

95 2820 182 2867 num
198 2794 346 2867 minime
362 2794 505 2867 celabat
524 2795 642 2885 (Dem.
663 2798 698 2886 v)
722 2804 759 2865 et
774 2791 907 2889 reliqui
927 2791 1090 2890 episcopi
1105 2792 1390 2890 Mesopotamiae
1409 2793 1476 2866 hac
1492 2793 1537 2866 de
1553 2819 1591 2866 re
1606 2794 1697 2867 veri·

96 2926 267 3000 similiter
285 2926 382 2999 haud
403 2926 510 3000 aliter
530 2924 752 2999 sentiebant.
773 2927 849 2997 Hac
864 2938 987 2997 tamen
1010 2925 1286 2998 circumstantia
1305 2925 1479 3011 admissa,
1502 2952 1595 3024 quae
1616 2953 1698 2999 cum

95 3059 133 3133 in
156 3060 238 3158 ipsa
259 3084 381 3133 rerum
407 3073 538 3133 natura
556 3058 728 3132 fundetur
754 3057 974 3132 Christianis
993 3057 1115 3130 Persis
1139 3056 1177 3129 in
1200 3057 1330 3130 vitium
1348 3059 1441 3132 verti
1467 3060 1606 3157 nequit,
1625 3086 1698 3133 non

95 3207 220 3292 potest
235 3192 382 3293 probari
399 3191 629 3266 Christianos
647 3191 935 3289 Mesopotamiae
951 3191 1019 3265 hos
1037 3190 1147 3263 animi
1167 3215 1299 3264 sensus
1314 3191 1510 3290 aliquando
1525 3192 1563 3265 in
1583 3192 1695 3267 ellec-

95 3339 175 3399 tum
195 3325 405 3399 deduxisse.
425 3326 601 3424 Exceptio
616 3325 725 3397 unica
739 3335 796 3398 est
811 3323 966 3397 historia
979 3326 1058 3397 Mar
1072 3322 1259 3423 Kardag³,
1276 3324 1338 3423 qui
1354 3351 1375 3397 a
1390 3349 1478 3423 rege
1494 3326 1615 3424 palam
1629 3327 1696 3400 de·

96 3459 183 3532 lecit
198 3470 236 3531 et
251 3459 285 3532 ci
301 3459 473 3532 resistere
485 3483 598 3531 ausus
616 3470 686 3530 est.
703 3456 879 3531 Attamen
894 3456 1049 3531 historia
1062 3456 1167 3528 ducis
1181 3455 1289 3529 huius
1301 3470 1376 3530 tam
1387 3456 1553 3531 fabulosa
1567 3470 1604 3532 et
1618 3473 1695 3533 tam

97 3590 212 3664 dubia
234 3602 304 3678 est,
319 3604 360 3665 ut
379 3590 511 3665 exinde
530 3590 591 3663 vix
606 3589 745 3687 aliquid
766 3589 936 3663 concludi
954 3614 1065 3689 posse
1077 3589 1257 3663 videatur.
1278 3593 1332 3663 Ex
1350 3590 1464 3665 altera
1479 3604 1582 3688 parte
1602 3595 1697 3665 Acta

96 3725 169 3799 fide
189 3725 410 3823 dignissima
431 3735 615 3798 testantur
638 3724 740 3822 ipsos
766 3726 898 3797 Persas
920 3746 1048 3797 ansam
1068 3722 1217 3796 dedisse
1237 3722 1450 3797 inimicitiae
1470 3725 1698 3798 Christiano-

19 3892 20 3959 3
96 3883 178 3931 rum
195 3857 429 3931 suscitandae
447 3857 644 3931 durissima
663 3856 799 3956 agendi
811 3871 847 3930 et
863 3856 1178 3929 animadvertendi
1195 3857 1349 3939 ratione,
1368 3883 1440 3955 qua
1455 3858 1555 3957 Magi
1571 3857 1618 3931 ob
1631 3883 1698 3931 ne-

19 4052 20 4069 .
95 3990 232 4064 fastam
253 3990 473 4090 zelotypiam
503 3991 575 4063 iam
606 4003 690 4063 ante
715 3989 865 4089 longam
888 3988 1083 4088 periodum
1106 3990 1373 4086 persecutionis
1397 3990 1455 4063 hic
1478 3990 1552 4063 illic
1577 3991 1614 4062 in
1635 4015 1699 4064 eos

19 4112 20 4135 ³
97 4123 322 4198 saevierunt.
340 4125 435 4197 Acta
456 4123 638 4197 Zebinae⁴
655 4134 692 4195 et
708 4122 891 4195 sociorum
911 4122 1005 4209 eius,
1024 4122 1085 4220 qui
1099 4148 1195 4194 anno
1218 4124 1262 4195 -18
1284 4124 1448 4222 Saporis,
1466 4124 1590 4221 —qui
1611 4137 1699 4197 tunc

96 4256 276 4356 temporis
291 4255 393 4330 irena
415 4257 559 4356 imperii
575 4257 636 4330 vix
649 4259 799 4357 proprio
814 4269 914 4331 motu
928 4258 1127 4357 dirigebat,
1149 4301 1194 4312 -
1211 4282 1278 4357 pro
1293 4256 1364 4329 lide
1380 4256 1518 4330 Christi
1535 4255 1647 4329 occisi
1664 4269 1700 4329 et

97 4390 211 4463 etiam
238 4389 390 4463 cruciati
412 4403 510 4478 sunt,
529 4391 621 4464 satis
643 4390 897 4465 demonstrant
921 4390 1191 4465 intolerantiam
1209 4390 1423 4489 religiosam
1448 4393 1641 4488 Magorum
1664 4401 1701 4461 et

98 4521 342 4595 intentionem
370 4523 583 4623 generalem
605 4523 821 4624 religionem
846 4524 1084 4598 christianam
1113 4523 1195 4597 aliis
1217 4523 1420 4596 rationibus
1444 4523 1700 4596 deficientibus

99 4655 214 4728 etiam
229 4654 263 4725 vi
280 4668 406 4753 aperta
421 4656 658 4755 reprimendi.
678 4659 720 4730 ln
733 4657 790 4730 his
802 4658 949 4756 quidem
958 4657 1063 4730 Actis
1075 4682 1096 4729 a
1107 4655 1261 4729 Hadabu
1281 4681 1429 4741 coaevo,
1447 4656 1561 4729 nobili
1577 4657 1699 4754 equite

102 4788 270 4887 Saporis,
290 4789 505 4888 compositis
525 4789 616 4861 nihil
636 4790 755 4862 adhue
779 4790 1054 4863 accusationum
1075 4789 1356 4888 conspirationis
1374 4815 1456 4863 cum
1473 4792 1629 4863 Caesare
1646 4788 1701 4860 le·

101 4921 223 5021 gitur;
239 4921 306 4993 sed
324 4921 407 4994 linis
422 4922 573 4995 ultimus
590 4922 859 5022 persecutionis
878 4922 914 4994 id
931 4923 1043 4996 fuisse
1060 4923 1243 5007 statuitur,
1263 4933 1304 4995 ut
1319 4922 1516 4995 destructis
1531 4920 1701 4994 ecclesiis

102 5065 141 5126 et
159 5054 394 5127 monasteriis
412 5054 582 5129 incendio
602 5055 733 5130 deletis
755 5056 955 5130 Christiani
975 5056 1123 5129 tributis
1148 5055 1314 5129 onerosis
1334 5056 1380 5129 ad
1399 5056 1623 5154 apostasiam
1642 5081 1702 5126 co-

167 5309 176 5347 ⁴
195 5308 289 5371 lnitio
304 5310 431 5393 imperii
447 5312 582 5395 Saporis
596 5312 723 5375 occisus
739 5333 810 5376 esse
825 5311 943 5375 dicitur
955 5329 1050 5383 72an
1067 5330 1106 5380 t:
1123 5328 1195 5387 rm,
1214 5312 1302 5374 Baba
1317 5332 1360 5373 m.
1377 5311 1431 5374 lol.
1448 5317 1510 5375 80⁸.

165 5413 179 5452 ²
195 5414 366 5491 Eusebius,
386 5416 433 5479 De
448 5420 514 5481 rita
530 5418 748 5496 Constantini,
767 5417 821 5491 lV,
837 5423 919 5494 9-14,
934 5418 996 5481 Die
1013 5417 1261 5481 Grr'esehr'ccben
1281 5417 1488 5501 christlichen
1504 5414 1707 5495 Schriflatel-

104 5521 166 5598 ler,
185 5519 331 5605 Leipzig,
350 5528 438 5599 1902,
456 5523 626 5600 Eusebius,
641 5523 653 5585 l
669 5524 771 5601 Band,
784 5545 839 5609 pp.
859 5530 913 5587 121
930 5535 962 5588 et
977 5545 1067 5609 seqq.

167 5626 180 5666 ³
195 5626 232 5689 P.
250 5626 385 5712 BedJ'an,
401 5628 487 5692 Aeta
500 5644 685 5713 rnartyrom
702 5643 734 5694 et
746 5644 949 5711 sanctorum,
968 5642 990 5694 t.
1009 5631 1048 5707 ll,
1063 5650 1094 5714 p.
1112 5635 1181 5692 442.

169 5733 181 5772 ⁴
196 5734 279 5796 Ibid.
294 5754 327 5817 p.
344 5740 383 5799 39
398 5756 470 5820 sqq.
