4122 6472
776 506 1031 573 PRAEFATIO.
1625 512 1702 570 1368

92 667 200 742 πάδων
218 682 276 742 καὶ
295 686 444 743 πετεινῶν
468 681 620 763 βλάπτειν
645 669 825 769 δυναμένων
844 676 1029 769 ἀνθρώπους,
1051 673 1093 743 τὰ
1114 667 1150 742 δὲ
1175 673 1217 753 εἰς
1238 676 1351 768 ἐποχὴν
1375 679 1532 767 ῥευμάτων
1559 683 1701 767 ποταμοῦ

91 801 241 878 ἀτάκτως
267 806 443 894 φερομένου,
469 807 523 868 κα1
550 805 635 868 ἄλλα
659 801 701 878 εἰς
723 804 813 894 ἔτερα
836 798 885 869 ἐπὶ
913 802 1006 895 μθορᾷ
1028 801 1084 867 καὶ
1107 793 1208 893 βλάὸῃ
1232 799 1392 894 ἀνθρώπων
1414 799 1596 893 ὑπάρχοντα
1619 798 1700 865 olna-

91 928 237 1018 τρόπαια
261 931 420 993 ἵστανται.
441 923 509 993 Καὶ
538 927 573 993 οὐ
602 926 692 1019 μόνον
718 925 748 992 ἐν
777 920 904 1020 τῇζωῇ
923 929 1016 992 αὐτοῦ
1042 936 1144 992 ταῦτα
1171 924 1224 992 καὶ
1251 930 1445 992 τὰτοιαῦτα
1471 922 1651 1017 εἰργάσαντο
1672 923 1702 988 oi

93 1042 240 1143 δαίμονες
270 1041 315 1116 δι’
348 1053 451 1130 αὐτοῦ,
478 1050 560 1117 ἀλλά
586 1075 622 1145 γε
651 1055 704 1117 nal
743 1047 825 1144 μετὰ
854 1054 912 1125 τὴν
941 1053 1086 1125 τελευτὴν
1119 1051 1212 1118 αὐτοῦ
1242 1053 1466 1142 παραμένοντες
1492 1057 1539 1132 τῷ
1565 1049 1702 1140 μνήματι

94 1177 203 1261 αὐτολ,
236 1184 351 1268 σημεῖά
378 1200 447 1243 τινα
474 1168 505 1252 ἐξ
530 1174 677 1268 ὀνόματος
708 1178 800 1243 αὐτοῦ
827 1176 1008 1242 ἐπετέλεσαν
1036 1177 1109 1267 πρὸς
1138 1172 1263 1249 ἀπάτην
1294 1182 1357 1240 τῶν
1383 1174 1516 1239 ἐλεεινῶν
1539 1173 1702 1264 ἀνθρώπων

92 1313 155 1365 τῶν
184 1290 306 1392 ῥᾳδίως
325 1305 600 1394 ὑποαλεπτομίνων
621 1300 662 1378 εἰς
679 1296 720 1365 τά
739 1310 872 1369 τοιαῦτα
888 1303 946 1367 ὑπὸ
966 1306 1020 1366 τοῦ
1040 1292 1200 1367 traduco.

168 1425 219 1491 lte
245 1423 307 1492 hoe
325 1445 471 1513 rnapuus
490 1424 692 1493 Anastasius
714 1422 887 1514 Theopolis
906 1422 1127 1513 (Antiochiae)
1142 1424 1312 1514 episcopus
1328 1421 1378 1489 ita
1396 1420 1537 1489 scribit:
1555 1419 1703 1505 Quihus·

94 1547 175 1616 dam
201 1549 242 1617 in
270 1547 351 1617 locis
379 1548 424 1617 ad
449 1547 538 1616 hunc
563 1571 667 1640 usque
691 1547 781 1616 dicen
807 1546 983 1639 Apollonii
999 1569 1112 1639 opera
1138 1556 1231 1616 stant
1258 1557 1288 1614 et
1312 1568 1410 1614 seram
1440 1545 1562 1614 hahent
1590 1545 1702 1638 effica-

95 1672 248 1755 citatern,
269 1672 348 1741 alia
373 1672 646 1764 quadrupedibus
664 1695 705 1741 ac
720 1671 910 1742 volucribus
925 1671 1097 1741 damnosis
1116 1671 1316 1752 auertendis,
1335 1669 1410 1740 alio
1428 1669 1473 1739 ad
1492 1669 1702 1739 inordinatos

94 1796 260 1866 amnium
290 1820 455 1866 cucursus
481 1796 694 1881 inhibendos,
717 1796 790 1866 alio
814 1796 896 1867 aliis
921 1797 1017 1865 nehus
1045 1820 1130 1888 quae
1154 1770 1344 1864 hominihus
1366 1793 1603 1864 detrimentum
1626 1796 1703 1884 affe·

95 1930 178 1988 runt
205 1921 377 1990 arcendis.
405 1923 518 2012 Neque
545 1944 581 1990 eo
608 1931 739 1990 tanturn
768 1921 845 1990 uiuo
872 1921 1048 1990 daemones
1071 1944 1136 2013 per·
1163 1920 1274 2011 ipsurn
1299 1928 1345 1988 tot
1367 1941 1408 1987 ao
1434 1918 1521 1990 talia
1546 1929 1697 2010 eperunt,

94 2043 152 2111 sed
166 2045 244 2136 ipso
266 2045 369 2115 etianr
394 2056 527 2114 mortuo
547 2045 592 2114 ad
616 2046 867 2115 rnorrimenturn
892 2045 965 2115 eius
985 2054 1296 2137 perseuerauerunt,
1320 2053 1420 2135 atque
1440 2043 1546 2134 ipsius
1568 2046 1703 2113 nomino

98 2168 277 2238 miracula
296 2168 462 2262 quaedam
482 2169 663 2239 ediderunt
684 2169 729 2239 ad
751 2169 960 2261 decipiendos
979 2169 1117 2239 miseros
1136 2168 1287 2238 homines
1310 2168 1370 2259 qui
1387 2168 1490 2257 facile
1509 2167 1704 2238 huiusmodi

99 2292 197 2360 rehus
224 2317 262 2362 se
280 2317 303 2362 a
328 2293 461 2363 diaholo
485 2295 522 2362 iu
548 2293 704 2383 fraudem
731 2293 848 2363 induci
865 2296 1063 2386 patiuntur.

170 2413 241 2487 llla
272 2414 461 2488 Anastasii
496 2414 656 2488 Sinaitae
690 2416 803 2489 verba
835 2416 946 2490 refert
978 2415 1089 2489 etiam
1121 2415 1303 2515 Georgius
1336 2413 1575 2487 monachus'.

171 2540 253 2613 Nec
280 2551 422 2612 tantum
450 2539 488 2612 in
517 2539 682 2612 Ecclesia
706 2564 842 2638 graeca
866 2540 932 2612 sed
958 2539 996 2613 in
1020 2539 1164 2639 syriaca
1185 2539 1296 2612 etiam
1320 2563 1386 2637 pro
1415 2562 1526 2637 mago
1554 2536 1702 2610 habitus

98 2675 155 2736 est
175 2663 410 2763 Apollonius.
432 2665 514 2737 Duo
532 2675 655 2737 textus
675 2663 810 2737 referre
830 2662 958 2736 iuvat:

173 2786 334 2861 Michael
355 2789 471 2887 Syrus
492 2798 528 2860 et
549 2790 620 2861 Bar
641 2788 830 2861 Hebraeus
849 2787 1100 2885 scripserunt²
1121 2815 1129 2858 :

100 2973 158 3045 ab
177 2968 363 3041 ωεωε
382 2984 436 3025 ιιι
455 2932 616 3035 meten
635 2976 691 3035 οε»
709 2978 766 3033 a..
782 2976 893 3049 ,sp-r.
912 2968 1054 3035 susas
1070 2967 1219 3042 merul·
1238 2968 1318 3040 ιοιεε
1334 2966 1494 3033 maur
1516 2975 1564 3034 ιω
1582 2974 1643 3033 οε,

490 3076 824 3148 saeuam-eru
848 3072 1703 3157 subsannasset-‚atorepwm

176 3237 222 3303 ln
247 3233 308 3304 illo
334 3245 478 3325 ternpore
503 3231 584 3324 (sub
612 3231 782 3327 Claudio)
806 3232 1006 3326 Apollonius
1034 3235 1222 3328 Tqanerrsis
1247 3245 1278 3304 et
1298 3236 1485 3326 Euphrates
1509 3232 1704 3325 philosophi

102 3368 200 3427 nant
231 3358 339 3427 noti⁸.
360 3359 559 3450 Apollonius
585 3370 697 3429 auteur
724 3358 785 3428 ille
809 3359 922 3429 docuit
946 3359 1146 3443 Talismata,
1174 3362 1290 3430 omnia
1313 3359 1518 3451 operabatur
1539 3380 1599 3449 ope
1620 3357 1703 3426 dae-

103 3502 244 3553 monum
270 3493 301 3551 et
326 3483 490 3552 dicebat:
523 3485 587 3552 Vae
612 3484 701 3553 rnihi
723 3485 806 3576 quia
837 3487 1015 3555 antecessit
1042 3508 1095 3554 rue
1117 3484 1213 3578 filius
1240 3484 1384 3556 Mariae.
1412 3483 1556 3567 Quidam
1588 3492 1704 3551 corant

105 3603 208 3676 illurn
233 3607 374 3676 πλάνων.

178 3730 271 3801 Pera
289 3727 419 3801 eadem
442 3740 529 3801 sunt
551 3728 588 3800 in
606 3727 760 3802 historia
780 3729 1041 3828 Dynastiarum
1064 3729 1233 3830 Gregorii
1254 3733 1326 3801 Bar
1346 3727 1503 3803 Hebraei
1514 3731 1537 3802 ⁴.

177 3857 248 3924 lloc
267 3864 412 3945 ternpore
430 3857 579 3925 innotuit
592 3855 795 3946 Apollonius
819 3855 1056 3926 Telesmaticus
1079 3870 1089 3952 (
1091 3852 1303 3985 ,51001111
1328 3852 1481 3968 wilfi)
1501 3855 1561 3948 qui
1576 3854 1706 3925 Christi

104 3975 284 4071 discipulis
310 3978 531 4061 contradicit,
550 3981 652 4068 sactis
677 3979 749 4050 illis
772 4003 899 4071 quaec
920 3981 1056 4051 Christo
1076 3972 1169 4070 [dcta
1189 3992 1269 4051 suut
1295 3982 1487 4063 contrariis,
1515 3980 1703 4071 discitque:

108 4100 173 4170 Vae
192 4103 283 4173 mihi
300 4103 387 4196 quod
403 4125 456 4172 me
473 4103 689 4172 antecesserit
709 4105 840 4173 Mariae
857 4104 966 4197 filius.

180 4223 239 4297 llli
266 4236 403 4310 textus,
424 4249 446 4296 a
472 4226 694 4324 Moeragene
720 4224 767 4297 ad
787 4228 859 4298 Bar
885 4225 1129 4314 llebraeum³,
1147 4240 1448 4325 praesupponunt
1469 4224 1705 4325 Apollonium

107 4342 295 4421 hominem
313 4372 463 4448 magum
482 4348 597 4421 luisse
616 4361 654 4421 et
675 4348 869 4448 scripsisse
892 4349 937 4422 de
961 4349 1177 4450 Astrologia
1196 4365 1232 4424 et
1250 4349 1573 4450 Apotelesmaticis
1591 4349 1705 4422 libros

108 4492 219 4566 quam
240 4472 394 4545 maxime
414 4472 541 4545 affines
567 4472 651 4545 huic
671 4498 780 4572 quem
806 4473 940 4548 edituri
960 4478 1130 4548 sumns⁶.
1153 4475 1260 4548 Illum
1282 4499 1371 4575 ergo
1391 4474 1550 4548 scribere
1570 4474 1702 4574 potuit.

170 4761 197 4817 1.
226 4754 266 4816 P.
280 4754 324 4819 ’6.
339 4764 364 4819 t.
382 4755 450 4831 CX,
468 4755 528 4821 col.
543 4760 680 4818 517-520
692 4766 724 4820 et
739 4756 798 4823 Ed.
815 4758 852 4823 C.
875 4758 914 4820 de
929 4758 1026 4834 Boor,
1042 4757 1184 4842 Leipzig,
1202 4764 1289 4835 1904,
1306 4781 1338 4842 p.
1355 4763 1504 4822 444-445.

168 4864 197 4923 2.
223 4859 339 4924 Michel
351 4861 380 4924 le
396 4861 522 4944 Syrien,
542 4861 739 4946 Chronr'qrre,
763 4863 866 4939 Paris,
884 4870 971 4927 1900.
989 4864 1101 4939 Texta,
1116 4887 1148 4948 p.
1167 4869 1304 4928 ros-104.
1323 4865 1388 4927 Bar
1406 4864 1583 4940 Hebraeus,
1602 4864 1706 4927 Chro-

110 4966 207 5028 nicon
224 4967 412 5047 Syriacum,
431 4966 579 5044 Parisiis,
597 4974 684 5045 1890,
699 4991 731 5051 p.
747 4976 796 5031 51.
816 4970 888 5033 Duo
901 4970 947 5033 illi
962 4978 1069 5034 textus
1083 4971 1116 5033 in
1131 4992 1229 5033 unum
1245 4970 1475 5036 contrahimus.

167 5076 198 5135 3.
223 5072 349 5136 Primae
367 5074 449 5137 istae
472 5074 576 5137 lineae
595 5096 612 5137 e
635 5074 800 5139 Chronico
823 5075 954 5140 Eusebii
973 5077 1207 5141 desumuntur:
1228 5078 1401 5145 Ἀπολλώνιος
1419 5083 1434 5139 t
1449 5077 1567 5147 Transire
1586 5079 1633 5139 rud
1654 5081 1708 5139 Et·

110 5176 211 5257 φρᾶεης
225 5180 363 5262 φιλόσοφοι
375 5180 506 5259 ἤκμαζον,
523 5180 562 5247 Ρ.
581 5181 619 5246 G.
636 5191 659 5245 t.
676 5180 762 5256 XIX,
780 5181 840 5248 col.
858 5189 926 5246 551.

170 5289 199 5348 l.
225 5285 284 5349 Ed.
300 5285 336 5352 E.
354 5286 542 5363 Pocockius,
561 5287 717 5364 Oxoniae,
735 5295 821 5363 1663,
839 5310 871 5373 p.
887 5296 935 5355 73.

171 5397 201 5453 5.
217 5391 320 5455 Multa
340 5392 508 5455 omisimus
529 5394 713 5457 testimonia
728 5395 834 5458 textui
854 5406 965 5459 nostro
986 5397 1101 5473 alienu,
1123 5407 1264 5461 attamen
1279 5398 1454 5462 notandum
1469 5408 1519 5462 est
1537 5396 1708 5481 Apuleium

121 5494 272 5572 (secundo
285 5499 424 5580 saeculo)
440 5509 473 5564 ct
488 5499 614 5563 Pseudo
628 5500 797 5577 lustinum,
816 5504 964 5587 quaestio
979 5508 1029 5579 24,
1046 5502 1252 5587 Apollonium
1267 5525 1326 5589 pro
1342 5525 1438 5591 mago
1452 5505 1606 5568 tenuisse.

171 5610 200 5666 6.
225 5604 419 5688 Perantiqua
438 5607 623 5691 ceteroquin
647 5618 698 5672 est
716 5609 897 5674 incantatio
916 5631 975 5694 per
992 5612 1091 5675 rerba
1110 5612 1268 5677 absconsa
1288 5632 1368 5696 quae
1384 5611 1554 5675 adhibetur
1568 5612 1600 5673 in
1615 5630 1709 5695 prae·

113 5710 194 5773 senti
213 5711 406 5795 opereslaru
424 5712 586 5776 scribebat
607 5714 742 5778 Plinius.
762 5740 777 5774 ι
795 5716 912 5800 Neque
926 5731 974 5780 est
988 5719 1092 5801 focile
1111 5718 1218 5801 dictu,
1235 5732 1373 5782 externa
1394 5719 1492 5784 verba
1506 5733 1606 5803 arque
1624 5720 1709 5801 ines·
