4108 6458
262 486 320 551 DE
343 485 614 550 ARGUMENTO
635 485 691 549 ET
718 483 871 549 MUTUA
893 483 1141 548 RELATlONE
1160 483 1482 548 RECENSlONUbl.
1607 487 1665 546 683

65 678 159 771 tprio
183 688 215 747 et
243 688 364 747 mortes
390 687 421 746 et
438 676 569 747 iudicia
588 677 838 768 descripsimus,
858 674 999 767 quidam
1022 697 1136 745 eorum
1168 677 1293 746 nostris
1314 675 1430 745 diebos
1458 673 1666 765 martyrium

64 812 253 893 studiorum,
291 833 372 902 occos
403 820 434 880 et
467 810 637 893 vicimus·
665 810 725 900 qui
761 831 839 878 uero
866 809 1052 877 ontemorcs
1085 808 1179 876 nobis
1210 812 1352 899 suerunt
1383 831 1428 881 eoo
1463 830 1519 880 ore
1547 828 1666 877 senum

64 945 295 1036 episcoporum
321 955 352 1014 et
373 944 644 1036 presbyterorum
666 942 840 1012 veracium
861 952 893 1011 et
910 941 1075 1034 fidetium,
1095 942 1156 1033 qui
1178 941 1337 1011 vider-ont
1360 950 1392 1011 et
1417 940 1533 1010 diebus
1552 958 1666 1009 eorum

67 1080 241 1161 vicerunt,
266 1088 424 1147 coactam
443 1099 558 1147 eorum
580 1075 758 1146 historiam
780 1076 1053 1166 conscripsimus.
1075 1098 1092 1140 n

140 1342 177 1412 4.
202 1339 380 1440 Epilogus
410 1339 468 1413 hic
500 1340 595 1413 clare
628 1339 734 1412 docet
760 1349 946 1411 auctorem
977 1338 1015 1409 in
1040 1337 1189 1410 Perside
1212 1337 1361 1422 vixisse,
1388 1360 1471 1409 cnm
1495 1336 1593 1408 dicat
1625 1360 1665 1408 se

66 1500 131 1548 eos
156 1474 346 1547 dumtaxat
366 1484 545 1572 martyres
569 1484 777 1570 compertos
801 1471 937 1544 habere
957 1470 1019 1569 qni
1040 1469 1111 1543 sibi
1135 1495 1247 1569 prope
1272 1469 1423 1554 suerint3
1446 1469 1535 1542 haec
1554 1467 1666 1541 verba

65 1608 127 1680 vix
159 1609 326 1680 Marutae
359 1619 461 1690 sunt,
491 1604 553 1705 qui
587 1604 773 1704 legatione
807 1604 965 1703 iungens
1001 1602 1099 1675 hand
1127 1601 1189 1674 diu
1218 1602 1255 1674 in
1286 1602 1437 1676 Oriente
1470 1601 1663 1685 remansit,

65 1740 221 1840 proinde
241 1739 303 1811 vix
326 1739 447 1811 dicere
470 1738 590 1836 potuit
613 1737 755 1836 aliquos
780 1736 849 1809 sibi
877 1760 1003 1836 prope,
1028 1734 1170 1834 aliquos
1194 1735 1319 1833 procul
1338 1734 1464 1807 luisse.
1484 1734 1584 1807 Idem
1606 1758 1666 1805 se-

67 1873 193 1972 quitur
208 1898 228 1945 e
243 1871 378 1958 verbis,
401 1895 494 1969 quae
521 1882 707 1945 auctorem
733 1869 883 1942 ultimos
908 1880 1088 1967 martyres
1109 1868 1375 1967 persecutionis
1398 1867 1593 1965 Saporicae
1610 1867 1666 1938 vi-

67 2006 168 2078 disse
188 2016 373 2080 assernnt.
397 2004 540 2077 Etenim
564 2006 707 2077 Maruta
732 2014 896 2102 tempore
923 2000 1123 2101 leudegerd
1147 2001 1249 2100 regis
1274 2000 1372 2097 (inde
1392 1998 1438 2072 ab
1462 2023 1558 2072 anno
1583 1998 1667 2093 399)

69 2137 260 2211 Persidem
284 2137 421 2222 adibat,
448 2161 516 2228 nee
541 2136 730 2235 probabile
755 2149 811 2209 est
837 2134 1030 2234 episcopos
1057 2163 1075 2205 a
1098 2134 1248 2207 Caesari
1270 2164 1287 2200 »
1308 2132 1476 2205 subditos
1503 2146 1668 2230 tempore

69 2270 222 2370 Saporis
243 2270 467 2343 territorium
490 2269 622 2342 hostile
645 2269 795 2342 visitare
821 2267 998 2367 potuisse,
1021 2267 1110 2365 quin
1139 2279 1256 2339 semet
1278 2266 1382 2366 gravi
1407 2265 1570 2365 periculo
1592 2290 1668 2337 car-

68 2404 164 2477 ceris
183 2404 442 2501 exposuissent
465 2417 506 2477 ut
526 2431 544 2473 u
567 2403 817 2501 exploratores
842 2428 860 2471 r
889 2414 967 2474 eta
995 2400 1175 2473 emissarii
1197 2427 1215 2470 n
1241 2399 1422 2485 Caesaris,
1447 2398 1667 2471 christianos

68 2537 114 2610 ad
133 2535 376 2609 rebellionem
395 2535 626 2609 seducentes.
654 2535 793 2631 Quodsi
812 2533 929 2634 igitur
949 2545 1076 2606 auctor
1100 2557 1140 2607 sa
1161 2532 1310 2605 ultimos
1332 2545 1510 2630 martyres
1530 2529 1668 2603 vidisse

68 2683 226 2756 asserat,
249 2669 483 2742 manifestum
512 2682 568 2741 est
594 2694 676 2742 eum
712 2667 967 2741 collectionem
990 2666 1097 2740 istam
1121 2666 1269 2739 saeculo
1296 2667 1347 2738 IV
1371 2676 1526 2738 exeunte
1550 2677 1613 2736 ant
1635 2665 1669 2736 V

68 2803 220 2877 ineunte
249 2801 481 2900 compilasse.
512 2803 588 2874 lmo
616 2814 762 2899 tempus
789 2799 1011 2874 exarationis
1038 2811 1201 2872 aetorum
1229 2798 1424 2871 Assemani
1462 2797 1668 2870 accuratius

67 2936 189 3009 adhuc
221 2934 455 3009 determinari
482 2934 628 3033 poterit,
659 2934 689 3007 si
724 2946 863 3007 certum
899 2947 955 3006 est
984 2957 1189 3006 sermonem
1218 2932 1319 3004 illum
1348 2929 1665 3015 introductoriam,

67 3069 112 3141 de
137 3094 213 3167 quo
243 3068 280 3139 in
300 3067 412 3141 citato
446 3067 594 3167 epilogo
613 3067 787 3165 loquitur,
803 3067 959 3139 eundem
984 3090 1079 3151 esse,
1104 3089 1212 3164 quem
1237 3064 1318 3138 cod.
1340 3067 1425 3140 Vat.
1456 3067 1572 3163 Syrus
1601 3062 1666 3134 161

67 3200 331 3301 lragmentarie
349 3212 492 3273 tantum
516 3200 692 3273 continet.
717 3203 789 3273 Res
809 3198 937 3297 nequit
955 3209 1054 3271 certo
1070 3197 1160 3271 erui.
1178 3197 1301 3272 Verba
1317 3196 1413 3270 enim
1429 3196 1566 3294 epilogi
1586 3220 1670 3293 sup·

66 3346 211 3433 ponunt
235 3358 440 3406 samonem
462 3332 768 3406 introductorium
790 3344 1028 3430 conspectum
1054 3330 1264 3429 generalem
1287 3337 1454 3424 [actorum
1479 3327 1669 3401 historico·

67 3491 150 3538 rum
171 3465 397 3554 exhibuisse,
416 3478 540 3539 monet
564 3466 660 3537 enim
686 3492 727 3537 nc
752 3468 828 3560 qais
849 3478 947 3560 putet
964 3490 1005 3536 ca
1025 3468 1198 3536 anteriora
1218 3489 1287 3536 esse
1307 3467 1442 3535 tributis
1462 3464 1670 3535 Christianis

68 3602 239 3695 impositis
258 3613 290 3671 et
308 3601 408 3692 caede
433 3612 637 3693 martyrum,
663 3597 911 3698 fragmentum
931 3609 1053 3670 autem
1074 3596 1163 3669 illud
1182 3595 1272 3669 nihil
1288 3594 1467 3669 eiusmodi
1486 3594 1666 3679 continet;

68 3759 112 3806 ex
127 3732 383 3805 alternantem
399 3745 501 3830 parte
518 3743 644 3804 notum
665 3744 722 3805 est
736 3731 814 3804 cod.
836 3735 920 3804 Vnt.
939 3743 1047 3828 atque
1061 3730 1258 3802 editionem
1275 3729 1425 3827 Bedjan,
1449 3753 1541 3826 qnae
1560 3726 1668 3824 paulo

68 3866 155 3963 plus
170 3863 294 3950 babet,
315 3863 406 3936 duas
425 3877 568 3936 tantum
594 3863 774 3937 sermonis
797 3834 1124 3962 partesexbibere3
1142 3862 1250 3935 tertia
1269 3887 1354 3961 pars
1371 3860 1488 3946 deest,
1506 3873 1546 3933 ut
1563 3860 1670 3933 docet

69 4011 161 4072 nota
180 3990 335 4095 ‘syriaca
363 3995 461 4095 apud
489 3997 630 4095 Bedjan
651 3998 701 4096 (p.
728 3998 788 4083 57,
812 4022 848 4068 n.
872 3997 922 4091 4),
945 3996 1009 4094 qui
1029 3995 1227 4069 arbitratur
1254 3995 1299 4065 ln
1325 3994 1411 4067 lolia
1438 3993 1475 4066 in
1499 4016 1670 4066 mensura

69 4138 246 4212 editionis
260 4163 348 4211 suae
363 4137 535 4235 periisse3
550 4138 634 4210 hinc
649 4137 877 4238 impossibile
890 4163 964 4209 non
979 4150 1034 4209 est
1047 4136 1251 4209 orationem
1264 4135 1362 4209 illam
1378 4134 1482 4207 initio
1498 4159 1669 4231 conspec-

68 4286 150 4345 tum
166 4270 381 4344 historicum
397 4270 620 4357 exhibuisse,
639 4284 747 4369 prout
770 4296 896 4344 revera
914 4296 1034 4343 sermo
1055 4269 1116 4341 ille
1133 4293 1395 4369 saepenumero
1415 4269 1452 4340 in
1468 4280 1570 4341 textu
1589 4267 1669 4367 ipso

69 4403 239 4478 eiusdem
263 4429 353 4477 voce
371 4425 424 4482 sesi
452 4432 469 4474 c
493 4404 646 4477 historia
668 4433 685 4475 n
705 4405 957 4505 designatur⁴.
975 4406 1028 4476 Ex
1047 4402 1162 4475 altera
1182 4414 1300 4500 parte,
1319 4428 1362 4474 ea
1381 4426 1473 4500 qnae
1493 4401 1538 4473 de
1557 4425 1670 4499 argu-

70 4550 199 4611 mento
214 4536 495 4610 introductionis
512 4537 549 4609 in
571 4537 718 4637 epilogo
742 4539 853 4611 citato
870 4541 1045 4610 Actorum
1061 4535 1306 4634 ‘illrlsebsmae
1326 4535 1497 4607 dicuntur
1515 4532 1670 4605 orationi

70 4671 160 4743 huic
184 4669 459 4742 accuratissime
478 4671 711 4743 conveniunt.
731 4672 871 4744 Auctor
885 4670 1055 4743 nimirum
1075 4695 1243 4743 sermone
1259 4669 1327 4742 hoc
1343 4693 1470 4741 omnes
1485 4679 1664 4764 martyres

70 4801 237 4876 Orientis
261 4800 422 4875 celebrat
438 4802 554 4901 primo
579 4804 691 4892 viros,
715 4803 799 4876 dein
822 4803 1030 4875 mulieres².
1054 4802 1140 4875 Sine
1162 4802 1272 4875 dubio
1296 4801 1341 4873 ad
1370 4799 1671 4873 introductorium

72 4959 283 5009 sermonem
298 4935 408 5008 istum
426 4947 567 5034 spectat
587 4935 744 5009 obiectio
763 4961 872 5034 qnam
893 4934 962 5007 sibi
981 4935 1191 5008 solvendam
1208 4936 1245 5007 in
1262 4935 1409 5033 epilogo
1425 4934 1522 5006 dicto
1537 4957 1672 5031 propo-

72 5069 150 5142 nit:
168 5062 229 5140 ubi
242 5072 313 5140 siat
327 5072 561 5142 tribulationes
576 5084 607 5143 et
622 5075 795 5142 craeciatus
813 5073 927 5142 amari
944 5083 975 5142 et
988 5072 1158 5165 pessimae
1179 5082 1300 5142 mortes
1320 5069 1357 5140 in
1373 5066 1490 5167 primo
1505 5090 1671 5138 sermone

73 5200 307 5298 descriptae?
319 5200 387 5274 Cni
407 5201 603 5275 obiectioni
623 5201 719 5275 viam
737 5202 971 5302 praecludere
990 5203 1131 5289 volens,
1150 5201 1348 5302 respondet
1369 5227 1408 5273 se
1431 5201 1467 5271 in
1486 5199 1589 5271 Actis
1609 5223 1672 5269 eos

73 5347 221 5407 tantum
239 5334 459 5431 respexisse,
481 5335 543 5433 qui
558 5334 627 5408 sibi
648 5335 854 5423 innotuere,
875 5361 1029 5435 quorum
1044 5335 1189 5435 plurimi
1208 5336 1245 5408 in
1259 5336 1339 5435 ipsa
1361 5333 1574 5407 collectione
1594 5330 1672 5404 sine

140 5626 150 5663 ⁴
171 5624 226 5689 Sic
240 5644 317 5709 pag.
331 5630 382 5699 65,
398 5630 448 5701 81,
464 5625 514 5690 ed.
532 5626 664 5710 Bedjan.

140 5731 205 5794 ²P.
221 5729 356 5814 Badiam,
372 5730 458 5796 Acta
470 5748 657 5816 martyrum
674 5748 916 5815 etsanctorum,
932 5746 955 5801 t.
973 5736 1013 5813 ll,
1030 5734 1169 5819 Lipsiae,
1189 5737 1275 5810 1891,
1294 5756 1325 5817 p.
1339 5738 1376 5796 81
1391 5753 1463 5816 sqq.
1536 5782 1540 5791 .
