4122 6472
350 491 426 549 1360
711 486 1057 553 APOTELESMATA
1078 488 1308 553 APOLLONH
1331 486 1581 551 Tt'nnss’sts.

879 759 944 831 111.
972 764 1019 830 Dc
1041 761 1198 853 operibus
1223 760 1408 853 Apollonii.

425 968 579 1044 Unicum
598 970 644 1043 de
668 968 767 1043 illius
795 971 969 1070 operibus
992 971 1244 1046 testimonium
1263 970 1402 1072 profert
1425 969 1679 1043 Philostrates.
1702 968 1812 1068 Apud
1832 967 1946 1041 Indos

348 1118 592 1181 commorans,
613 1094 832 1194 Apollonius
850 1095 983 1169 dicitur
1002 1121 1086 1170 cum
1105 1096 1271 1194 sapiente
1294 1096 1422 1169 lercha
1440 1093 1723 1194 philosophatus
1746 1105 1783 1166 et
1807 1091 1942 1166 exinde

346 1218 471 1318 plures
491 1217 605 1292 libros
625 1219 896 1319 composuisse⁴
917 1247 925 1291 ε

418 1344 485 1425 Tite
510 1340 545 1415 bi
574 1348 764 1442 ἀπορρήτους
789 1341 924 1428 σπουθάς
946 1346 994 1429 αίς
1026 1348 1215 1443 ἀστρικὴνῆ
1244 1348 1389 1444 μαντείαν
1416 1351 1575 1417 κατενόουν
1600 1353 1652 1416 καί
1677 1351 1736 1423 τὴν
1766 1349 1941 1440 πρόγνωσιν

347 1464 547 1556 ἐσπούδαζον,
571 1475 683 1541 θυσιῶν
706 1499 740 1540 τε
762 1474 914 1555 ἥπτοντο,
936 1480 988 1542 καί
1010 1477 1161 1563 κλήσεων,
1182 1472 1231 1554 οιίς
1253 1474 1314 1542 θεοὶ
1340 1482 1489 1569 χαίρουσι,
1507 1473 1596 1567 μόνον
1616 1478 1705 1566 μησίν
1728 1478 1745 1539 ὀ
1765 1474 1868 1563 Δάμις
1889 1469 1946 1536 τὸν

353 1597 559 1664 Ἀπολλώνιον
582 1591 818 1691 ξυμριλοσορεῒν
841 1610 888 1686 τῷ
919 1600 1040 1693 ’[έρχᾳ,
1062 1600 1115 1667 καὶ
1137 1598 1310 1695 ξυγγράψαι
1331 1602 1386 1693 μὲν
1411 1598 1524 1667 ι’κείθεν
1546 1595 1615 1692 περὶ
1638 1592 1786 1691 μαντείας
1805 1597 1948 1689 ἀστέρων

349 1716 475 1806 βίίλους
496 1720 675 1816 τίττοιροις’
693 1719 735 1789 ὧν
755 1722 808 1791 καὶ
830 1724 1023 1820 Μοιραγένης
1048 1726 1232 1819 ἐπεμνήσθη,
1258 1722 1434 1819 Ευγγροίψαι
1460 1716 1495 1791 δὲ
1519 1720 1587 1818 περὶ
1614 1722 1733 1806 θυσιῶν,
1758 1728 1809 1788 καὶ
1835 1725 1876 1797 ῶς
1904 1724 1946 1785 ἀν

347 1871 398 1924 τις
419 1845 541 1933 έκοίστιρ
572 1847 631 1933 θεῷ
659 1851 836 1943 προσρόρορς
860 1874 896 1916 τε
920 1855 975 1918 καί
998 1855 1220 1944 κεχαρισμένως
1241 1850 1317 1917 θύοι.
1346 1846 1396 1917 T&
1422 1849 1478 1942 pir
1500 1842 1540 1923 bi
1561 1857 1623 1914 τῶν
1645 1848 1795 1940 ἀστέρων,
1813 1850 1866 1911 καὶ
1887 1846 1948 1917 τὴν

345 1972 494 2047 τοιαύτην
518 1976 667 2064 μαντικὴν
688 1984 804 2061 nictu,
825 1975 898 2068 ὑπὲρ
922 1977 980 2049 τὴν
1006 1974 1193 2068 ἀνθρωπείαν
1215 1980 1349 2068 ἡγοῦμαι
1374 1977 1476 2069 φύσιν,
1500 1971 1556 2041 καὶ
1578 1964 1643 2040 abb'
1667 1969 1694 2038 εἰ
1719 1971 1875 2043 κέκτηταί
1896 1993 1945 2045 τις

345 2086 427 2162 ciba·
449 2097 487 2163 τὸ
509 2087 545 2163 bi
562 2095 632 2191 περὶ
651 2099 762 2165 θυσιῶν
783 2102 813 2165 ὲν
832 2105 960 2177 πολλοῖς
983 2100 1070 2192 ίεροις
1092 2099 1188 2193 εὖρον,
1210 2102 1239 2167 ὲν
1259 2104 1394 2177 πολλοῖς
1416 2125 1450 2166 τε
1473 2102 1595 2182 πολεσι,
1611 2101 1739 2174 πολλοῖς
1762 2120 1799 2162 τε
1824 2084 1946 2186 ἀνδρῶν

347 2234 447 2311 σοφῶν
472 2229 574 2299 υίκοις·
602 2222 655 2288 καὶ
681 2219 713 2290 τί
738 2218 774 2288 ἀν
799 2249 848 2301 τις
875 2225 1029 2317 θρμηνυίοι
1057 2226 1150 2308 αὐτὸ,
1175 2233 1292 2317 σεμνῶς
1318 2218 1573 2316 ξυντεταγμένον,
1599 2227 1651 2289 καὶ
1680 2216 1763 2287 κατά
1788 2221 1845 2293 τήν
1872 2220 1944 2309 ἀχὼ

346 2352 401 2411 τοῦ
426 2336 549 2438 ἀνθρὸς;
568 2346 655 2420 Φησὶ
679 2339 713 2414 bi
737 2353 753 2414 b
773 2349 872 2440 Δάμις
897 2347 953 2417 καὶ
975 2340 1159 2428 δακτυλίους
1180 2352 1261 2416 insit
1289 2350 1341 2415 τὸν
1370 2348 1494 2442 Ἰοίρχαν
1524 2357 1570 2432 τῷ
1598 2341 1803 2430 ’Δπολλωνίῳ
1832 2336 1946 2411 δοῦναι

347 2481 410 2535 τῶν
429 2466 509 2538 insit
527 2472 699 2565 ἐπωνύμους
716 2473 866 2566 ἀστέρων.

424 2594 543 2662 Verum
558 2616 706 2664 arcanas
727 2618 839 2678 curas,
852 2619 917 2688 per
934 2619 1019 2688 quas
1034 2597 1255 2687 astroiopiam
1277 2608 1309 2666 et
1327 2595 1513 2667 divinandi
1526 2595 1689 2688 peritiam
1708 2593 1943 2686 inquirebant,

344 2738 520 2787 sacrarum
534 2729 712 2810 praeterea
733 2720 879 2790 studiosi
900 2732 933 2791 et
950 2721 1220 2813 appellationum
1238 2743 1325 2813 quas
1350 2721 1418 2792 diis
1432 2719 1651 2812 pratissimas
1667 2740 1738 2789 esse
1760 2729 1940 2799 noverant,

345 2843 504 2911 barcham
529 2865 606 2913 cum
629 2842 699 2913 salo
725 2845 903 2936 Apollonio
928 2847 1194 2916 communicasse
1224 2850 1326 2938 refert
1351 2848 1469 2915 barnis
1490 2871 1501 2914 ι
1520 2847 1575 2926 ,ita
1600 2855 1636 2915 ut
1660 2843 1739 2913 inde
1763 2843 1941 2934 dipressus

344 2966 545 3057 spoliamus
559 2967 599 3037 de
612 2968 816 3061 astraiopicn
831 2969 1044 3040 divinatione
1063 2970 1166 3040 libros
1179 2981 1327 3063 quatuor
1344 2967 1552 3062 scripserit²‚
1570 2991 1714 3061 quorum
1728 2970 1945 3060 Moeragenes

345 3091 511 3160 meminit.
536 3092 680 3183 Scripsit
701 3094 805 3162 etiam
828 3094 869 3164 de
890 3094 1071 3183 sacrificiis
1095 3094 1198 3164 libros
1212 3094 1241 3178 ³,
1265 3116 1330 3186 pao
1348 3104 1449 3185 pacto
1471 3092 1622 3184 sinpuiis
1644 3091 1713 3161 diis
1734 3091 1941 3184 sacrifican-

344 3213 426 3284 dum
444 3217 502 3298 sit,
519 3238 645 3308 quaeue
666 3239 767 3287 sacra
786 3218 913 3289 tabibus
933 3219 1002 3290 diis
1025 3219 1096 3288 sint
1113 3220 1362 3310 acceptissima.
1381 3218 1447 3289 Sed
1465 3241 1525 3309 epo
1546 3228 1717 3287 astrorum
1738 3217 1937 3299 scientiam,

343 3349 444 3430 atque
469 3340 572 3410 talem
592 3340 777 3411 divinandi
801 3353 910 3412 artem
935 3365 1078 3425 omnem,
1107 3344 1279 3413 humanae
1300 3354 1448 3413 naturae
1473 3353 1579 3412 metas
1603 3341 1764 3411 escedas
1785 3351 1883 3432 puto,
1910 3352 1946 3409 et

345 3473 460 3532 utrum
479 3465 650 3556 quispiam
675 3488 750 3536 uere
776 3466 886 3558 ipsam
914 3469 1057 3552 nocent,
1081 3469 1203 3537 nescio.
1225 3470 1272 3538 De
1294 3468 1474 3561 sacrificiis
1499 3476 1612 3536 autem
1637 3465 1805 3557 faciendis
1829 3465 1943 3535 muita

342 3587 471 3680 scripta
495 3590 532 3657 in
550 3590 724 3683 plerisque
750 3591 884 3683 templis
910 3593 1037 3674 inueni,
1069 3615 1127 3662 nec
1153 3616 1220 3662 non
1241 3591 1377 3684 publice
1402 3594 1440 3662 in
1466 3590 1661 3661 civitatibus
1688 3590 1821 3682 aiipuot
1847 3600 1880 3659 et
1905 3592 1946 3659 in

343 3712 553 3804 sapientiam
570 3714 724 3784 uirorum
745 3717 894 3806 privatis
912 3717 1066 3787 domibus
1085 3718 1212 3788 inveni.
1238 3718 1358 3787 Verum
1376 3716 1453 3809 puis
1473 3738 1514 3785 ea
1537 3725 1625 3785 certo
1643 3724 1754 3807 posset
1776 3714 1946 3805 interpre-

345 3837 425 3920 tari,
457 3860 544 3929 quae
570 3861 706 3909 summa
737 3862 812 3910 cum
842 3839 1046 3935 (pravitate)
1073 3841 1304 3933 sacttndiaque
1333 3864 1356 3910 a
1384 3839 1537 3932 sapiente
1562 3842 1636 3909 viro
1667 3840 1796 3931 scripta
1824 3834 1937 3908 sant?

343 3962 468 4031 Scribit
494 3972 673 4052 praeterea
702 3966 820 4035 Darnis
852 3967 1010 4035 barcham
1039 3977 1163 4058 septem
1193 3965 1342 4035 annulos
1373 3963 1553 4057 Apobiomo
1584 3963 1729 4045 dedisse,
1757 3961 1943 4032 stellarum

343 4095 466 4177 septem
486 4087 680 4157 numinibus
700 4088 882 4179 insipnitos
894 4089 955 4161 ‘...

341 4286 463 4368 fabilis
484 4286 644 4369 abrogent
662 4288 763 4369 fidem
785 4289 939 4368 calidius,
961 4312 1007 4351 an
1035 4292 1142 4353 latina
1168 4292 1352 4375 inopinata,
1377 4303 1411 4352 et
1433 4310 1520 4374 puae
1548 4288 1693 4352 ridicula
1722 4286 1829 4351 rideri
1856 4292 1945 4373 cogit

343 4394 486 4471 animas,
507 4413 638 4474 semper
654 4395 784 4476 aliquid
800 4397 994 4459 r'mmensum
1014 4410 1222 4481 exspectans,
1241 4419 1281 4459 ac
1307 4396 1443 4481 dignum
1462 4397 1532 4460 Deo
1551 4395 1720 4474 movenda,
1736 4398 1836 4457 immo
1857 4414 1934 4458 aero

344 4496 435 4581 quod
448 4501 578 4562 numini
588 4503 764 4584 imperet...
781 4528 796 4559 ιι
809 4500 894 4565 Ht'st.
909 4501 1002 4581 Nat,
1017 4525 1132 4579 xxvns,
1148 4507 1177 4565 t.

407 4611 433 4666 1.
450 4604 501 4667 ed.
516 4605 551 4669 F.
563 4604 729 4685 Morellus,
741 4607 886 4683 Parisiis,
900 4614 989 4674 1608.
999 4631 1048 4685 ιιι,
1065 4616 1113 4673 13.
1126 4609 1185 4673 Ed.
1199 4610 1237 4673 C.
1249 4609 1283 4673 L.
1300 4610 1435 4692 Kayser,
1448 4609 1586 4693 Lipsiae,
1601 4614 1689 4686 1870,
1702 4631 1751 4685 ιιι,
1762 4614 1810 4685 41,
1821 4630 1854 4691 p.
1870 4615 1939 4672 116.

404 4718 434 4775 2.
458 4711 545 4775 Libri
560 4712 608 4775 illi
619 4732 684 4777 non
695 4724 770 4778 sunt
788 4716 906 4779 serrati
925 4716 1072 4800 inopere
1092 4717 1142 4780 eui
1157 4716 1271 4780 titulus
1287 4738 1295 4779 :
1311 4716 1357 4780 Le
1379 4715 1524 4781 tibrada
1545 4729 1651 4779 secret
1668 4715 1710 4780 ds
1728 4717 1764 4778 In
1784 4716 1939 4778 creature

340 4839 409 4902 par
422 4821 453 4882 te
466 4839 546 4904 sege
562 4819 722 4884 Retinens
737 4822 940 4905 (Apollonius
958 4822 998 4886 de
1018 4822 1150 4906 Tyana).
1169 4822 1369 4890 Carvanca
1387 4837 1419 4887 et
1434 4825 1574 4887 exarata
1592 4821 1651 4885 des
1671 4825 1873 4885 manuscrits
1893 4822 1935 4886 de

316 4972 321 4981 .
343 4926 378 4987 la
393 4925 620 5011 Bibliatbbqus
635 4926 824 5008 Naticnaie,
843 4938 867 4993 t.
884 4928 939 5005 IV,
957 4951 990 5013 p.
1011 4935 1079 5006 107,
1096 4931 1151 5014 qui
1170 4930 1251 4993 nihil
1269 4929 1412 4994 eontinet
1429 4929 1470 4992 ds
1489 4929 1626 4992 oraculo
1646 4942 1826 4993 astrorum.
1842 4928 1935 4992 atio-

345 5032 422 5115 quin
441 5034 620 5097 invenimus
636 5035 801 5118 antiquam
815 5036 996 5100 versionem
1014 5036 1148 5100 latinam
1168 5036 1264 5100 huius
1283 5037 1391 5121 operis
1410 5037 1443 5099 in
1462 5057 1523 5100 ms.
1541 5035 1599 5100 lat.
1620 5040 1714 5099 14051
1733 5036 1794 5099 sub
1813 5036 1934 5099 titulo:

342 5138 441 5203 Liber
459 5138 630 5223 Apollonii
650 5141 691 5204 de
707 5146 843 5206 seeretis
860 5157 1004 5206 naturae
1021 5156 1053 5207 et
1075 5146 1210 5207 occula's
1234 5164 1346 5207 rerum
1371 5147 1492 5223 causis
1512 5143 1664 5228 Hugonis
1682 5143 1931 5207 Sanctelliensis

343 5248 529 5311 translatio.
547 5248 595 5312 De
608 5248 669 5312 hoc
685 5269 794 5332 opere,
811 5252 1004 5333 apraesenti
1016 5250 1111 5334 plane
1123 5250 1262 5330 diverso,
1276 5251 1354 5315 alibi
1370 5250 1473 5315 fusius
1488 5249 1711 5313 tractabimus.

402 5359 432 5418 3.
450 5354 629 5436 Quemdam
643 5355 758 5419 horum
773 5355 853 5420 vidit
868 5356 1026 5421 Eusebius
1038 5357 1094 5441 qui
1108 5378 1240 5441 parvam
1256 5358 1343 5421 illius
1357 5367 1482 5442 partem
1496 5358 1600 5422 offert.
1614 5357 1665 5421 cf.
1681 5356 1805 5439 Pnaep.
1818 5356 1878 5419 Eo.
1895 5378 1939 5432 ιν,

345 5469 396 5538 123
421 5463 462 5525 P.
485 5460 524 5526 G.
552 5471 575 5528 t.
599 5461 767 5537 xxt,001.
793 5466 862 5526 260.
885 5462 972 5527 Nihil
998 5474 1143 5528 remanet
1166 5474 1280 5528 contra
1302 5486 1320 5528 e
1345 5464 1562 5539 Testamenta,
1586 5464 1652 5527 vita
1675 5462 1883 5548 Pythagorae
1905 5473 1938 5527 et

340 5571 461 5654 hymno
476 5570 661 5646 memoriae,
675 5589 756 5654 quae
773 5570 956 5633 tribuuntur
969 5592 988 5633 a
1002 5571 1198 5655 quibusdam
1212 5571 1396 5655 Apollonio.

402 5682 431 5739 t.
448 5676 629 5740 Notandum
649 5687 699 5741 est
717 5675 923 5759 Apollonium
943 5677 1003 5742 hos
1021 5677 1123 5742 libros
1140 5679 1362 5761 composuisse
1376 5698 1449 5743 cum
1467 5679 1590 5743 lercha.
1604 5677 1724 5742 Debuit
1740 5677 1839 5741 etiam
1863 5676 1940 5742 alihi
