4108 6458
381 475 443 534 670
925 466 1171 533 PRAEFATIO
1193 508 1233 517 —
1254 468 1394 534 CAPUT
1418 470 1442 532 l.

456 658 549 731 Acta
571 658 685 758 igitur
700 661 738 730 S.
757 656 855 729 Milis
874 682 946 730 non
971 656 1171 756 loquuntur
1190 659 1236 731 de
1260 658 1490 758 negligentia
1514 658 1671 758 simplici
1686 663 1820 759 Papae,
1842 661 1903 733 sed
1922 661 1961 733 dc

384 817 524 865 summa
550 791 630 865 eius
661 789 900 889 perversitate
930 803 1039 889 atque
1069 790 1238 865 elatione.
1272 794 1427 864 Scenam
1456 791 1565 865 etiarn
1593 792 1757 891 percussi
1788 793 1961 893 Evangelii

383 924 489 998 aliter
510 923 739 1009 describunt;
762 948 846 995 narn
866 921 977 996 verba
1001 926 1122 1023 Papae
1148 951 1155 995 :
1181 955 1198 990 «
1228 924 1377 1022 loquere
1398 924 1652 1024 Evangelium‚
1679 924 1829 1024 loquere
1854 925 1963 997 nillu-

383 1189 484 1263 Licet
503 1189 656 1264 inferius
679 1188 916 1262 ostendamus
942 1189 1198 1264 collectionem
1219 1190 1266 1263 ab
1287 1190 1481 1263 Assemani
1501 1190 1636 1264 editam
1656 1203 1765 1290 atque
1783 1191 1828 1264 ab
1843 1216 1885 1265 33
1899 1193 1962 1263 Μ3·

385 1296 487 1397 rutae
509 1323 722 1396 attributam
741 1322 814 1394 iam
833 1322 943 1395 etiam
958 1334 1043 1396 ante
1059 1323 1318 1423 lezdegerdem
1340 1325 1621 1423 (consequenter
1640 1324 1963 1417 331333333399)

384 1456 556 1555 scriptam
572 1480 668 1542 3333,
690 1453 799 1528 simul
818 1456 1055 1529 ostendemus
1074 1469 1263 1529 auctorem
1278 1456 1443 1529 eiusdem
1459 1481 1525 1529 nec
1541 1455 1724 1530 hominem
1740 1457 1887 1542 serium,
1908 1480 1965 1529 nec

383 1588 476 1662 bene
495 1588 730 1661 informatum
744 1587 789 1661 de
806 1586 915 1661 rebus
932 1612 1006 1661 333
1021 1589 1167 1663 traditis
1183 1589 1308 1662 131333.
1328 1590 1422 1662 Α313
1441 1588 1620 1687 imprimis
1635 1589 1733 1662 Milis
1749 1589 1863 1662 multa
1879 1588 1967 1661 labu-

383 1721 462 1794 losa
482 1720 669 1794 continent
686 1733 796 1820 31333
815 1732 940 1794 carent
959 1720 1045 1795 dato
1061 1721 1170 1795 solito
1195 1721 1280 1793 anni
1303 1720 1487 1820 martyrii;
1506 1720 1694 1820 probabile
1716 1734 1772 1794 est
1790 1747 1833 1794 ea
1854 1721 1968 1794 collec
2032 1756 2033 1773 r

2031 968 2032 1023 l

383 1057 626 1144 (1331133331,
653 1055 750 1154 apud
773 1054 1043 1129 Barhebraeum
1061 1082 1149 1131 vero
1173 1056 1463 1130 exacerbationis
1483 1057 1642 1156 speciem
1665 1082 1753 1158 prae
1777 1083 1817 1132 se
1842 1058 1960 1131 lerunt.

383 1854 474 1927 tioni
501 1855 676 1927 Actorum
704 1853 841 1927 exalia
866 1854 1024 1953 quadam
1054 1853 1270 1927 collectione
1297 1854 1438 1944 minore
1463 1854 1602 1927 inserta
1630 1854 1758 1937 fnisse,
1782 1868 1969 1953 33333313
2032 1872 2033 1915 1

383 1987 454 2059 tria
469 1986 693 2060 continuisse
707 1985 874 2059 videtur:
897 1986 1054 2084 11Μ1113,
1072 1988 1107 2081 2)
1122 1986 1333 2073 Barsabiae,
1354 1989 1389 2076 3)
1406 1986 1570 2060 Danielis
1587 1999 1623 2060 et
1637 1987 1815 2073 Wardae,
1838 1986 1969 2086 quaein

384 2145 428 2193 33
452 2119 672 2193 conveniunt
696 2119 794 2218 quod
813 2144 929 2193 annos
949 2120 1079 2193 mortis
1108 2132 1310 2218 martyrum
1334 2119 1465 2193 horum
1491 2119 1621 2193 eodem
1642 2120 1751 2194 modo
1775 2132 1968 2203 numerent,

385 2252 491 2325 Miles
516 2252 657 2325 scilicet
674 2251 815 2325 nullum
841 2252 966 2325 datum
986 2251 1110 2337 babet,
1133 2251 1312 2325 Barsabia
1338 2284 1355 2318 «
1381 2251 1510 2326 eodem
1532 2264 1789 2352 temporeque
1812 2256 1850 2325 S.
1875 2252 1971 2325 Miles

385 2386 528 2458 occisus
541 2398 597 2458 est
611 2413 643 2471 n,
662 2384 791 2458 Daniel
805 2410 892 2458 vero
910 2385 1016 2458 annis
1033 2384 1177 2458 dnobus
1192 2398 1276 2485 post
1292 2385 1416 2458 Milem
1431 2411 1563 2484 passus
1578 2410 1662 2459 esse
1677 2386 1824 2468 dicitur,
1842 2383 1971 2457 omnia·

384 2544 454 2616 333
473 2518 543 2591 tria
560 2517 736 2617 martyria
754 2518 792 2590 13
813 2518 962 2592 Perside
988 2518 1162 2591 interiore
1183 2518 1369 2591 eveniunt.
1398 2518 1490 2590 Hinc
1513 2517 1703 2617 probabile
1723 2518 1868 2591 videtur
1888 2518 1972 2589 Acta

385 2650 483 2725 Milis
498 2651 535 2723 in
550 2650 699 2724 Perside
715 2676 737 2724 3
755 2652 912 2750 quodam
931 2664 1079 2725 exarata
1103 2676 1199 2739 esse,
1224 2651 1286 2750 331
1311 2650 1502 2724 historiam
1525 2651 1657 2749 synodi
1681 2649 1912 2725 Seleucensis
1931 2648 1972 2720 ad

383 2797 555 2873 mentem,
570 2783 624 2857 uti
636 2783 854 2871 videbimus,
871 2784 1127 2885 episcoporum
1138 2808 1330 2883 persarum
1341 2797 1549 2883 corruptam
1565 2784 1762 2857 memoriae
1777 2782 1966 2856 mandavit.

457 3050 491 3124 6.
517 3052 641 3150 Longe
668 3050 774 3123 aliter
794 3050 906 3123 tradit
932 3075 1009 3123 rem
1034 3052 1226 3150 Agapetus
1255 3050 1451 3149 episcopus
1480 3048 1582 3122 urbis
1608 3051 1677 3122 Bet
1707 3052 1822 3148 Lapat
1851 3049 1887 3121 in
1913 3072 1971 3121 suo

385 3217 552 3265 sermone
577 3191 623 3265 ad
644 3194 723 3264 Mar
746 3192 899 3265 Dadiso‘
921 3192 1150 3266 Catholicum
1177 3192 1322 3280 habite,
1351 3191 1497 3291 quando
1524 3189 1686 3291 episcopi
1716 3190 1912 3264 orientales
1938 3189 1971 3260 13

383 3328 790 3420 Morlobtu-d-Tcyyoye
812 3325 1028 3424 congregati
1048 3325 1247 3411 catholico,
1271 3309 1333 3424 331
1353 3324 1625 3398 dissensionum
1649 3322 1971 3397 ecclesiasticarum

383 3471 574 3558 pertaesus
605 3484 645 3532 se
673 3485 694 3531 a
722 3482 871 3531 munere
900 3457 1072 3531 abdicare
1099 3457 1230 3565 voluit,
1256 3457 1528 3557 persuadebant
1555 3483 1600 3529 33
1626 3481 1665 3529 33
1695 3456 1969 3555 derelinqueret.
2035 3454 2036 3535 l

384 3591 535 3664 Dadisb‘
565 3617 694 3690 nempe
725 3591 917 3664 calumniis
949 3591 1268 3691 suffraganeorum
1297 3616 1446 3664 suorum
1478 3590 1747 3663 circumventus
1778 3615 1799 3662 a
1828 3614 1915 3688 rege
1939 3587 1972 3659 in

384 3749 567 3797 carcerem
592 3738 764 3797 detrusus
791 3738 860 3810 est,
886 3723 949 3797 ubi
978 3723 1111 3797 multas
1141 3748 1336 3797 aerumnas
1365 3736 1402 3797 et
1424 3722 1571 3823 flagella
1598 3748 1742 3822 333333
1767 3721 1916 3820 pertulit
1940 3732 1972 3792 31

384 3856 529 3929 demum
550 3882 640 3955 pace
663 3883 745 3931 cum
768 3856 942 3930 Romanis
965 3857 1068 3942 13113,
1091 3883 1187 3930 3333
1211 3857 1297 3944 422,
1321 3870 1363 3930 ut
1382 3868 1488 3955 putat
1507 3859 1669 3941 Brann',
1693 3853 1886 3928 restitutus
1907 3867 1969 3939 est,

384 4002 492 4089 atque
513 4016 608 4063 3333
626 4004 756 4089 quarto
772 3989 929 4062 Babram
949 3989 1049 4090 regis
1068 3991 1166 4084 (424)
1181 3989 1325 4088 synodo
1346 3988 1384 4061 13
1402 3986 1825 4087 Markabta·d·Tayyaye
1844 3985 1972 4058 indicta

383 4146 516 4196 munus
541 4150 646 4196 suurn
668 4123 837 4197 abdicare
859 4123 1025 4222 3133313
1046 4123 1308 4196 monasterium
1333 4122 1370 4193 in
1390 4135 1513 4195 monte
1534 4121 1660 4193 Kardu
1677 4120 1787 4193 situm
1808 4119 1971 4192 secedere

382 4255 510 4328 voluit.
530 4259 607 4330 1133
627 4256 789 4356 episcopi
809 4255 986 4354 impedire
1007 4256 1194 4354 cupientes
1213 4280 1296 4329 eum
1312 4254 1478 4341 orabant,
1496 4266 1536 4327 ut
1555 4254 1745 4327 immemor
1764 4252 1971 4326 iniuriarum

382 4388 419 4460 in
447 4413 512 4462 suo
537 4414 687 4461 munere
711 4400 975 4487 perseveraret.
1008 4390 1066 4462 Ad
1092 4389 1188 4461 hunc
1210 4388 1319 4461 finem
1346 4412 1491 4486 333333
1521 4386 1760 4461 obtinendum
1789 4386 1972 4485 Agapetus

382 4521 688 4619 Bet-Lapetensis
710 4522 904 4621 episcopus
925 4547 1094 4595 sermone
1114 4521 1227 4621 13333
1247 4521 1449 4595 calumnias
1465 4520 1618 4593 Dadiso‘
1635 4519 1756 4592 illatas
1776 4517 1969 4592 refutabat:

382 4666 491 4753 atque
515 4654 611 4728 lacta
637 4654 771 4728 similia
801 4668 965 4754 tempore
995 4659 1134 4754 Papae,
1159 4655 1292 4739 133331,
1317 4652 1539 4727 lalballahae
1568 4665 1675 4753 gesta
1703 4653 1740 4724 in
1767 4651 1972 4724 memoriam

382 4787 544 4885 synodus
573 4813 749 4861 revocans
777 4788 988 4861 concludit:
1013 4814 1091 4875 333,
1116 4788 1178 4888 331
1204 4801 1321 4861 semet
1349 4787 1530 4859 catholico
1555 4809 1761 4885 opposuere
1790 4797 1901 4883 atque
1931 4780 1972 4855 ad

381 4932 504 5018 patres
524 4921 736 4994 Occidentis
758 4921 1001 5021 appellavere,
1023 4922 1121 4994 viros
1145 4920 1259 4994 131333
1280 4922 1471 5005 333133133,
1492 4920 1553 5019 331
1572 4944 1593 4991 3
1610 4917 1777 5017 patribus
1793 4916 1971 4991 Occiden-

380 5052 429 5124 tis
456 5053 684 5153 depositione
706 5054 811 5155 digni
835 5054 971 5127 inventi
995 5068 1097 5142 sunt;
1116 5053 1213 5127 unde
1232 5053 1366 5126 inferre
1383 5053 1544 5152 sategit:
1571 5052 1628 5124 ius
1654 5048 1863 5152 appellandi
1891 5047 1970 5121 abu·

381 5185 499 5257 aivum
522 5212 543 5259 a
568 5188 756 5261 Catholico
777 5186 823 5260 ad
842 5200 965 5286 patres
983 5187 1195 5261 Occidentis
1215 5186 1467 5286 abrogandum
1487 5210 1570 5258 3333
1591 5196 1626 5258 31
1645 5182 1739 5256 male
1757 5194 1865 5282 gesta
1884 5181 1970 5254 eins·

381 5318 463 5391 dem
481 5321 620 5419 judicio
649 5321 786 5394 Christi
812 5321 909 5393 13313
931 5320 1188 5419 relinquenda;
1213 5319 1442 5418 quodetiam
1474 5318 1638 5417 synodus
1661 5315 1836 5401 decrevit,
1867 5328 1969 5412 atque

379 5451 442 5523 tali
463 5453 601 5526 ratione
622 5454 843 5552 separationi
864 5478 885 5526 3
909 5453 1168 5527 communitate
1191 5452 1405 5527 Occidentis
1430 5451 1527 5524 viam
1549 5449 1793 5550 praeparavit.

442 5728 449 5765 ⁴
470 5727 548 5790 Vide
564 5727 682 5805 Braun,
700 5750 753 5811 op.
770 5731 836 5803 cit,
853 5748 886 5810 p.
904 5731 1007 5791 {rt-50.
