4108 6458
379 431 439 489 690
919 418 1164 485 PRAEFATIO
1187 457 1225 467 -
1247 416 1388 485 CAPUT
1411 419 1466 482 lll.

381 615 437 699 tit,
458 613 522 687 sed
538 612 648 686 etiam
665 611 703 683 in
724 609 907 708 aliquibus
928 608 1094 708 partibus
1116 608 1323 696 rhetoricis,
1343 607 1558 694 sententias,
1577 607 1851 680 exhortationes
1871 620 1972 705 atque

382 746 510 820 laudes
544 749 582 818 S.
610 744 791 818 Simeonis
821 741 1091 817 exhibentibus.
1118 744 1196 831 MS,
1219 739 1318 815 baud
1348 765 1430 815 raro
1454 740 1633 814 lectiones
1656 740 1846 826 meliores,
1871 765 1973 838 quam

384 884 458 968 MS,
479 877 640 961 exhibet,
662 876 760 975 quod
776 876 860 948 hinc
876 874 960 948 inde
972 877 1077 973 juxta
1093 878 1170 962 MS,
1189 874 1412 948 correximus
1426 877 1451 946 ⁹.

457 1011 585 1085 Exitus
605 1009 720 1110 igitur
744 1008 1016 1108 disquisitionis
1036 1033 1107 1107 qua
1128 1007 1349 1082 describitur
1372 1021 1498 1082 mutua
1517 1008 1647 1081 relatio
1671 1009 1746 1094 MS¹
1770 1020 1807 1080 et
1829 1009 1907 1093 MS,
1921 1005 1973 1077 his

380 1143 522 1218 definiri
546 1152 693 1242 potest:

459 1350 491 1420 i.
518 1349 592 1435 MS,
615 1360 756 1445 partem
778 1370 861 1419 esse
889 1344 1117 1419 collectionis
1136 1345 1396 1443 martyriorum
1421 1370 1442 1418 a
1466 1344 1545 1418 viro
1565 1344 1722 1443 quodam
1746 1345 1874 1443 ignoto
1893 1355 1971 1416 ante

362 1514 366 1522 ¹
387 1507 419 1553 a.
443 1480 514 1554 407
531 1491 714 1553 exaratae.

456 1687 492 1757 2.
512 1688 589 1772 MS,
602 1697 687 1782 post
705 1708 840 1756 annum
855 1682 1127 1755 attrectatum
1142 1706 1224 1755 esse
1239 1680 1477 1780 probabiliter
1492 1682 1640 1756 saeculo
1654 1684 1688 1756 V
1703 1696 1872 1757 exeunte.

458 1890 493 1960 3.
514 1891 590 1975 MS,
608 1887 654 1960 ab
669 1890 744 1975 MS,
760 1886 918 1985 pendere
935 1898 971 1960 et
985 1886 1099 1958 multa
1114 1911 1133 1959 e
1150 1885 1324 1983 martyrio
1341 1886 1547 1985 antiquiore
1568 1886 1788 1984 excerpisse.

459 2093 525 2164 llis
549 2091 748 2191 propositis
777 2102 815 2164 et
851 2090 1028 2164 relatione
1060 2103 1186 2163 mutua
1213 2090 1472 2190 martyriorum
1497 2094 1534 2165 S.
1561 2091 1744 2165 Simeonis
1770 2104 1907 2165 statuta
1932 2090 1975 2162 ad

385 2225 502 2323 ipsam
528 2223 821 2323 persecutionem
847 2249 869 2296 a
894 2226 1032 2322 Sapore
1067 2222 1261 2296 excitatam
1299 2223 1553 2322 inquirendam
1587 2224 1808 2298 accedimus.
1845 2228 1975 2298 Fontes
2037 2248 2039 2299 i

382 2360 541 2432 Graecos
556 2356 675 2430 obiter
693 2368 836 2430 tantum
852 2355 1058 2455 tetigimus,
1082 2359 1307 2429 Sozomenus
1328 2356 1478 2430 enimin
1498 2356 1523 2429 i.
1541 2358 1589 2441 ii,
1607 2383 1638 2429 c.
1659 2356 1873 2430 Shistoriae
1891 2381 1974 2431 suae

384 2490 504 2564 nullos
518 2490 609 2563 alios
629 2489 749 2563 fontes
772 2500 917 2588 praeter
936 2513 1107 2587 graecam
1134 2488 1403 2561 traductionem
1426 2492 1500 2577 MS,
1520 2489 1694 2563 historiae
1713 2489 1974 2590 persecutionis
2037 2484 2038 2539 i

383 2623 674 2696 Christianorum
693 2647 882 2722 persarum
898 2620 1045 2695 novisse
1063 2620 1222 2706 videtur,
1245 2622 1344 2719 quod
1361 2647 1487 2694 verum
1507 2634 1564 2696 est
1589 2622 1698 2695 etiarn
1722 2623 1766 2695 de
1783 2622 1973 2696 enarratio·

383 2756 491 2829 nibus
506 2756 782 2854 synaxariorum
797 2768 834 2827 et
849 2753 1154 2853 menologiorum.

1007 3266 1150 3319 CAPUT
1174 3267 1365 3319 TERTIUM

818 3464 884 3541 DE
915 3464 1301 3543 PERSECUTlONE
1334 3465 1548 3544 SAPORlS

382 3727 404 3774 1.
418 3724 551 3775 Nationes
572 3721 716 3786 generales
737 3720 772 3771 de
793 3733 877 3771 causa
896 3722 1104 3785 persecutionis.
1122 3747 1153 3758 -
1171 3724 1195 3771 t.
1216 3721 1335 3772 Infantia
1355 3721 1482 3788 Saporis.
1500 3728 1566 3773 -3,
1580 3721 1620 3773 De
1644 3721 1738 3787 Ephra
1760 3722 1871 3773 Iicrmiz
1892 3725 1976 3772 matre

444 3806 513 3853 eius.
529 3830 559 3839 -
574 3807 597 3852 i.
618 3801 776 3852 Sententiae
796 3799 965 3850 eruditorum
985 3800 1019 3851 de
1039 3802 1164 3865 tempore
1188 3815 1243 3865 quc
1263 3804 1418 3866 persecutio
1439 3806 1500 3854 orta
1519 3804 1563 3853 stt.
1577 3829 1609 3840 -
1629 3808 1652 3852 5.
1671 3803 1792 3853 Notitiae
1812 3801 1977 3865 chronologi·

444 3896 493 3933 cac
516 3895 630 3946 operum
649 3881 810 3946 aphraatis.
831 3908 862 3915 -
881 3883 903 3930 7.
932 3881 1047 3931 Errores
1070 3881 1255 3945 chronologici
1275 3883 1407 3932 Actorum
1427 3884 1604 3947 syriacorum.
1622 3886 1690 3932 -8,
1710 3882 1790 3934 Aliae
1810 3882 1976 3934 diiierenttae
2038 3822 2040 3965 l

445 3964 587 4027 utriusque
603 3961 723 4025 Martyrii
739 3960 767 4011 S.
783 3960 930 4011 Simeonis.
945 3966 1009 4010 -a
1027 3961 1221 4011 Summanum.
1234 3987 1264 3997 -
1278 3963 1320 4011 10.
1338 3963 1416 4011 Amri
1430 3962 1528 4012 relatio
1544 3961 1579 4013 de
1594 3963 1723 4026 martyrio
1737 3961 1765 4012 S.
1781 3962 1925 4014 Simeonis.
2038 3968 2040 4057 q

459 4178 489 4248 l.
511 4176 612 4247 Sicut
627 4174 746 4272 erige,
765 4173 818 4245 sic
838 4174 948 4246 etiam
966 4174 1183 4273 propagatio
1204 4173 1395 4273 religionis
1411 4175 1546 4249 Christi
1563 4175 1601 4247 in
1618 4176 1768 4249 Perside
1782 4202 1890 4250 caeca
1903 4202 1975 4250 om·

383 4310 469 4381 nino
485 4307 644 4405 caligine
664 4306 836 4380 obvoluta
859 4319 931 4393 est;
950 4306 1105 4405 proinde
1122 4307 1285 4380 conditio
1305 4308 1414 4380 etiam
1435 4321 1624 4407 statusque
1641 4310 1790 4383 socialis
1806 4323 1841 4387 et
1856 4310 1976 4410 politi-

383 4468 448 4515 cus
477 4440 761 4514 christianorum
792 4453 955 4539 tempore
992 4440 1143 4537 antiquo
1178 4440 1325 4513 omnino
1355 4441 1504 4538 ignotus
1536 4456 1605 4515 cst.
1636 4443 1829 4542 Religioue
1859 4457 1976 4517 autem

382 4574 581 4647 christiana
596 4574 733 4647 sensim
748 4573 827 4646 sine
852 4598 963 4645 sensu
988 4573 1027 4646 in
1048 4573 1196 4646 Perside
1215 4587 1418 4673 propagata
1434 4574 1631 4648 Christiani
1646 4575 1783 4649 ibidem
1802 4577 1975 4676 degentes

384 4733 473 4807 pace
489 4707 559 4779 frui
578 4707 760 4791 videntur,
779 4707 824 4779 de
848 4705 1168 4804 persecutionibus
1193 4705 1323 4780 saltem
1350 4708 1441 4780 nihil
1462 4721 1619 4795 constat,
1640 4710 1737 4807 quod
1762 4735 1829 4783 nec
1850 4710 1976 4782 mirum

383 4854 452 4913 est.
474 4841 565 4914 Cum
580 4840 676 4912 enim
694 4839 892 4913 Christiani
910 4838 1042 4937 inipso
1062 4840 1214 4939 imperio
1236 4843 1399 4913 Romano
1418 4841 1672 4915 crudelissime
1688 4842 1734 4915 ad
1750 4868 1876 4917 necem
1895 4867 1973 4916 con·

383 4972 508 5071 quisiti
532 4985 670 5058 essent,
692 4976 825 5045 Persae
848 4971 1065 5070 religionem
1090 4972 1183 5045 hanc
1206 4973 1285 5047 sine
1308 4974 1472 5074 periculo
1497 5001 1563 5073 pro
1589 5001 1655 5049 sua
1674 4976 1824 5074 politica
1840 4977 1975 5050 ratione

383 5107 636 5180 considerasse
650 5106 834 5191 videntur,
854 5118 980 5203 utpote
1001 5105 1217 5204 religionem
1242 5107 1287 5179 ab
1313 5108 1535 5181 adversariis
1550 5109 1629 5182 suis
1644 5109 1804 5209 politicis
1820 5110 1975 5210 proscri-

383 5256 494 5342 ptam.
523 5243 656 5314 Persae
676 5239 823 5338 quidcm
843 5264 932 5338 erga
956 5264 1032 5325 ecs,
1056 5240 1118 5336 qui
1143 5240 1360 5340 religionem
1389 5242 1426 5314 in
1454 5243 1534 5341 ipsa
1555 5243 1706 5343 regione
1732 5244 1973 5318 dominantem

380 5388 607 5473 spreverunt,
626 5374 724 5446 haud
753 5371 859 5445 valde
886 5371 1087 5445 tolerantes
1107 5398 1146 5447 se
1174 5373 1411 5463 exhibebant,
1432 5390 1558 5448 notum
1583 5389 1652 5462 est,
1679 5390 1860 5475 quantum
1887 5403 1970 5476 sup·

442 5576 449 5612 ¹
469 5575 632 5654 Quasdam
653 5575 867 5638 correctiones
887 5574 1022 5637 alicuius
1042 5578 1194 5640 momenti
1212 5577 1283 5640 vide
1303 5598 1334 5640 n.
1355 5584 1394 5641 35
1412 5578 1482 5661 iis,
1502 5579 1533 5642 in
1554 5581 1696 5644 oratione
1717 5582 1751 5644 S.
1770 5582 1925 5646 Simeonis
1942 5579 1973 5641 in

382 5700 511 5743 carcerc
526 5681 646 5745 habita.
